%YAML 1.1
%TAG !u! tag:unity3d.com,2011:
--- !u!1001 &100100000
Prefab:
  m_ObjectHideFlags: 1
  serializedVersion: 2
  m_Modification:
    m_TransformParent: {fileID: 0}
    m_Modifications: []
    m_RemovedComponents: []
  m_SourcePrefab: {fileID: 0}
  m_RootGameObject: {fileID: 1708675837137984}
  m_IsPrefabAsset: 1
--- !u!1 &1708675837137984
GameObject:
  m_ObjectHideFlags: 0
  m_CorrespondingSourceObject: {fileID: 0}
  m_PrefabInternal: {fileID: 100100000}
  serializedVersion: 6
  m_Component:
  - component: {fileID: 4861331155213140}
  - component: {fileID: 212243014313008082}
  - component: {fileID: 60338396077650424}
  - component: {fileID: 114930127208870344}
  - component: {fileID: 114672135089766180}
  - component: {fileID: 114748286782610780}
  - component: {fileID: 50789146384578260}
  - component: {fileID: 114208966780378322}
  - component: {fileID: 114738945903216360}
  m_Layer: 0
  m_Name: Asteroid_M
  m_TagString: Enemy
  m_Icon: {fileID: 0}
  m_NavMeshLayer: 0
  m_StaticEditorFlags: 0
  m_IsActive: 1
--- !u!4 &4861331155213140
Transform:
  m_ObjectHideFlags: 1
  m_CorrespondingSourceObject: {fileID: 0}
  m_PrefabInternal: {fileID: 100100000}
  m_GameObject: {fileID: 1708675837137984}
  m_LocalRotation: {x: 0, y: 0, z: 0, w: 1}
  m_LocalPosition: {x: -4.56, y: -3.7, z: 0}
  m_LocalScale: {x: 0.5, y: 0.5, z: 1}
  m_Children: []
  m_Father: {fileID: 0}
  m_RootOrder: 0
  m_LocalEulerAnglesHint: {x: 0, y: 0, z: 0}
--- !u!50 &50789146384578260
Rigidbody2D:
  serializedVersion: 4
  m_ObjectHideFlags: 1
  m_CorrespondingSourceObject: {fileID: 0}
  m_PrefabInternal: {fileID: 100100000}
  m_GameObject: {fileID: 1708675837137984}
  m_BodyType: 0
  m_Simulated: 1
  m_UseFullKinematicContacts: 0
  m_UseAutoMass: 0
  m_Mass: 1
  m_LinearDrag: 0
  m_AngularDrag: 0.05
  m_GravityScale: 0
  m_Material: {fileID: 0}
  m_Interpolate: 0
  m_SleepingMode: 1
  m_CollisionDetection: 0
  m_Constraints: 0
--- !u!60 &60338396077650424
PolygonCollider2D:
  m_ObjectHideFlags: 1
  m_CorrespondingSourceObject: {fileID: 0}
  m_PrefabInternal: {fileID: 100100000}
  m_GameObject: {fileID: 1708675837137984}
  m_Enabled: 1
  m_Density: 1
  m_Material: {fileID: 0}
  m_IsTrigger: 0
  m_UsedByEffector: 0
  m_UsedByComposite: 0
  m_Offset: {x: 0, y: 0}
  m_SpriteTilingProperty:
    border: {x: 0, y: 0, z: 0, w: 0}
    pivot: {x: 0.5, y: 0.5}
    oldSize: {x: 1.48, y: 1.44}
    newSize: {x: 1.48, y: 1.44}
    adaptiveTilingThreshold: 0.5
    drawMode: 0
    adaptiveTiling: 0
  m_AutoTiling: 0
  m_Points:
    m_Paths:
    - - {x: 0.46128467, y: -0.5610084}
      - {x: 0.48944786, y: -0.40972388}
      - {x: 0.57235634, y: -0.22294241}
      - {x: 0.6373135, y: -0.042109087}
      - {x: 0.63731307, y: 0.11013626}
      - {x: 0.61829996, y: 0.17013627}
      - {x: 0.47961667, y: 0.4411221}
      - {x: 0.45772946, y: 0.47339275}
      - {x: 0.35999998, y: 0.59999996}
      - {x: 0.29283163, y: 0.63206595}
      - {x: 0.08811195, y: 0.62734646}
      - {x: -0.27716833, y: 0.58829045}
      - {x: -0.41678503, y: 0.5464026}
      - {x: -0.5020662, y: 0.47489777}
      - {x: -0.6260196, y: 0.28584158}
      - {x: -0.7173466, y: 0.11056114}
      - {x: -0.7230098, y: -0.029412704}
      - {x: -0.7177293, y: -0.12525418}
      - {x: -0.7096171, y: -0.20053464}
      - {x: -0.5323219, y: -0.55432475}
      - {x: -0.4743488, y: -0.65955794}
      - {x: -0.35912788, y: -0.7026044}
      - {x: -0.24175641, y: -0.71565104}
      - {x: 0.13899165, y: -0.6330253}
      - {x: 0.30312097, y: -0.6050421}
      - {x: 0.33338583, y: -0.61156046}
--- !u!114 &114208966780378322
MonoBehaviour:
  m_ObjectHideFlags: 1
  m_CorrespondingSourceObject: {fileID: 0}
  m_PrefabInternal: {fileID: 100100000}
  m_GameObject: {fileID: 1708675837137984}
  m_Enabled: 1
  m_EditorHideFlags: 0
  m_Script: {fileID: 11500000, guid: 354af8fb4af45ff4ab660dca89dfb502, type: 3}
  m_Name: 
  m_EditorClassIdentifier: 
--- !u!114 &114672135089766180
MonoBehaviour:
  m_ObjectHideFlags: 1
  m_CorrespondingSourceObject: {fileID: 0}
  m_PrefabInternal: {fileID: 100100000}
  m_GameObject: {fileID: 1708675837137984}
  m_Enabled: 1
  m_EditorHideFlags: 0
  m_Script: {fileID: 11500000, guid: 4c50a55d048af1848a3f8f2a1f920483, type: 3}
  m_Name: 
  m_EditorClassIdentifier: 
  explosionPrefab: {fileID: 1460129247540738, guid: 836617d3b5f282d4dbffe63107b45321,
    type: 2}
--- !u!114 &114738945903216360
MonoBehaviour:
  m_ObjectHideFlags: 1
  m_CorrespondingSourceObject: {fileID: 0}
  m_PrefabInternal: {fileID: 100100000}
  m_GameObject: {fileID: 1708675837137984}
  m_Enabled: 1
  m_EditorHideFlags: 0
  m_Script: {fileID: 11500000, guid: 79f2daceacaae25439e79c85600168d1, type: 3}
  m_Name: 
  m_EditorClassIdentifier: 
  scoreValue: 150
--- !u!114 &114748286782610780
MonoBehaviour:
  m_ObjectHideFlags: 1
  m_CorrespondingSourceObject: {fileID: 0}
  m_PrefabInternal: {fileID: 100100000}
  m_GameObject: {fileID: 1708675837137984}
  m_Enabled: 1
  m_EditorHideFlags: 0
  m_Script: {fileID: 11500000, guid: 5451b2735f81aed4c8a20058b0519acb, type: 3}
  m_Name: 
  m_EditorClassIdentifier: 
  speed: 0.04
--- !u!114 &114930127208870344
MonoBehaviour:
  m_ObjectHideFlags: 1
  m_CorrespondingSourceObject: {fileID: 0}
  m_PrefabInternal: {fileID: 100100000}
  m_GameObject: {fileID: 1708675837137984}
  m_Enabled: 1
  m_EditorHideFlags: 0
  m_Script: {fileID: 11500000, guid: 2beb7faba04ae954cb0e95ea8669e84c, type: 3}
  m_Name: 
  m_EditorClassIdentifier: 
  rotationSpeed: 5
--- !u!212 &212243014313008082
SpriteRenderer:
  m_ObjectHideFlags: 1
  m_CorrespondingSourceObject: {fileID: 0}
  m_PrefabInternal: {fileID: 100100000}
  m_GameObject: {fileID: 1708675837137984}
  m_Enabled: 1
  m_CastShadows: 0
  m_ReceiveShadows: 0
  m_DynamicOccludee: 1
  m_MotionVectors: 1
  m_LightProbeUsage: 1
  m_ReflectionProbeUsage: 1
  m_RenderingLayerMask: 4294967295
  m_Materials:
  - {fileID: 10754, guid: 0000000000000000f000000000000000, type: 0}
  m_StaticBatchInfo:
    firstSubMesh: 0
    subMeshCount: 0
  m_StaticBatchRoot: {fileID: 0}
  m_ProbeAnchor: {fileID: 0}
  m_LightProbeVolumeOverride: {fileID: 0}
  m_ScaleInLightmap: 1
  m_PreserveUVs: 0
  m_IgnoreNormalsForChartDetection: 0
  m_ImportantGI: 0
  m_StitchLightmapSeams: 0
  m_SelectedEditorRenderState: 0
  m_MinimumChartSize: 4
  m_AutoUVMaxDistance: 0.5
  m_AutoUVMaxAngle: 89
  m_LightmapParameters: {fileID: 0}
  m_SortingLayerID: 0
  m_SortingLayer: 0
  m_SortingOrder: 0
  m_Sprite: {fileID: 21300000, guid: 97a0c836d299c9d49bed9f39001a2e15, type: 3}
  m_Color: {r: 1, g: 1, b: 1, a: 1}
  m_FlipX: 0
  m_FlipY: 0
  m_DrawMode: 0
  m_Size: {x: 1.48, y: 1.44}
  m_AdaptiveModeThreshold: 0.5
  m_SpriteTileMode: 0
  m_WasSpriteAssigned: 1
  m_MaskInteraction: 0
  m_SpriteSortPoint: 0
