%YAML 1.1
%TAG !u! tag:unity3d.com,2011:
--- !u!29 &1
OcclusionCullingSettings:
  m_ObjectHideFlags: 0
  serializedVersion: 2
  m_OcclusionBakeSettings:
    smallestOccluder: 5
    smallestHole: 0.25
    backfaceThreshold: 100
  m_SceneGUID: 00000000000000000000000000000000
  m_OcclusionCullingData: {fileID: 0}
--- !u!104 &2
RenderSettings:
  m_ObjectHideFlags: 0
  serializedVersion: 9
  m_Fog: 0
  m_FogColor: {r: 0.5, g: 0.5, b: 0.5, a: 1}
  m_FogMode: 3
  m_FogDensity: 0.01
  m_LinearFogStart: 0
  m_LinearFogEnd: 300
  m_AmbientSkyColor: {r: 0.212, g: 0.227, b: 0.259, a: 1}
  m_AmbientEquatorColor: {r: 0.114, g: 0.125, b: 0.133, a: 1}
  m_AmbientGroundColor: {r: 0.047, g: 0.043, b: 0.035, a: 1}
  m_AmbientIntensity: 1
  m_AmbientMode: 3
  m_SubtractiveShadowColor: {r: 0.42, g: 0.478, b: 0.627, a: 1}
  m_SkyboxMaterial: {fileID: 0}
  m_HaloStrength: 0.5
  m_FlareStrength: 1
  m_FlareFadeSpeed: 3
  m_HaloTexture: {fileID: 0}
  m_SpotCookie: {fileID: 10001, guid: 0000000000000000e000000000000000, type: 0}
  m_DefaultReflectionMode: 0
  m_DefaultReflectionResolution: 128
  m_ReflectionBounces: 1
  m_ReflectionIntensity: 1
  m_CustomReflection: {fileID: 0}
  m_Sun: {fileID: 0}
  m_IndirectSpecularColor: {r: 0, g: 0, b: 0, a: 1}
  m_UseRadianceAmbientProbe: 0
--- !u!157 &3
LightmapSettings:
  m_ObjectHideFlags: 0
  serializedVersion: 11
  m_GIWorkflowMode: 1
  m_GISettings:
    serializedVersion: 2
    m_BounceScale: 1
    m_IndirectOutputScale: 1
    m_AlbedoBoost: 1
    m_TemporalCoherenceThreshold: 1
    m_EnvironmentLightingMode: 0
    m_EnableBakedLightmaps: 0
    m_EnableRealtimeLightmaps: 0
  m_LightmapEditorSettings:
    serializedVersion: 10
    m_Resolution: 2
    m_BakeResolution: 40
    m_AtlasSize: 1024
    m_AO: 0
    m_AOMaxDistance: 1
    m_CompAOExponent: 1
    m_CompAOExponentDirect: 0
    m_Padding: 2
    m_LightmapParameters: {fileID: 0}
    m_LightmapsBakeMode: 1
    m_TextureCompression: 1
    m_FinalGather: 0
    m_FinalGatherFiltering: 1
    m_FinalGatherRayCount: 256
    m_ReflectionCompression: 2
    m_MixedBakeMode: 2
    m_BakeBackend: 0
    m_PVRSampling: 1
    m_PVRDirectSampleCount: 32
    m_PVRSampleCount: 500
    m_PVRBounces: 2
    m_PVRFilterTypeDirect: 0
    m_PVRFilterTypeIndirect: 0
    m_PVRFilterTypeAO: 0
    m_PVRFilteringMode: 1
    m_PVRCulling: 1
    m_PVRFilteringGaussRadiusDirect: 1
    m_PVRFilteringGaussRadiusIndirect: 5
    m_PVRFilteringGaussRadiusAO: 2
    m_PVRFilteringAtrousPositionSigmaDirect: 0.5
    m_PVRFilteringAtrousPositionSigmaIndirect: 2
    m_PVRFilteringAtrousPositionSigmaAO: 1
    m_ShowResolutionOverlay: 1
  m_LightingDataAsset: {fileID: 0}
  m_UseShadowmask: 1
--- !u!196 &4
NavMeshSettings:
  serializedVersion: 2
  m_ObjectHideFlags: 0
  m_BuildSettings:
    serializedVersion: 2
    agentTypeID: 0
    agentRadius: 0.5
    agentHeight: 2
    agentSlope: 45
    agentClimb: 0.4
    ledgeDropHeight: 0
    maxJumpAcrossDistance: 0
    minRegionArea: 2
    manualCellSize: 0
    cellSize: 0.16666667
    manualTileSize: 0
    tileSize: 256
    accuratePlacement: 0
    debug:
      m_Flags: 0
  m_NavMeshData: {fileID: 0}
--- !u!1 &52823956
GameObject:
  m_ObjectHideFlags: 0
  m_CorrespondingSourceObject: {fileID: 0}
  m_PrefabInternal: {fileID: 0}
  serializedVersion: 6
  m_Component:
  - component: {fileID: 52823957}
  - component: {fileID: 52823958}
  - component: {fileID: 52823959}
  m_Layer: 0
  m_Name: Lasers
  m_TagString: Laser
  m_Icon: {fileID: 0}
  m_NavMeshLayer: 0
  m_StaticEditorFlags: 0
  m_IsActive: 1
--- !u!4 &52823957
Transform:
  m_ObjectHideFlags: 0
  m_CorrespondingSourceObject: {fileID: 0}
  m_PrefabInternal: {fileID: 0}
  m_GameObject: {fileID: 52823956}
  m_LocalRotation: {x: 0, y: 0, z: 0, w: 1}
  m_LocalPosition: {x: 0, y: 0, z: 0}
  m_LocalScale: {x: 1, y: 1, z: 1}
  m_Children:
  - {fileID: 352276160}
  - {fileID: 970776233}
  - {fileID: 786270580}
  - {fileID: 1054705961}
  m_Father: {fileID: 0}
  m_RootOrder: 4
  m_LocalEulerAnglesHint: {x: 0, y: 0, z: 0}
--- !u!61 &52823958
BoxCollider2D:
  m_ObjectHideFlags: 0
  m_CorrespondingSourceObject: {fileID: 0}
  m_PrefabInternal: {fileID: 0}
  m_GameObject: {fileID: 52823956}
  m_Enabled: 1
  m_Density: 1
  m_Material: {fileID: 0}
  m_IsTrigger: 1
  m_UsedByEffector: 0
  m_UsedByComposite: 0
  m_Offset: {x: 0.05, y: -0.45}
  m_SpriteTilingProperty:
    border: {x: 0, y: 0, z: 0, w: 0}
    pivot: {x: 0, y: 0}
    oldSize: {x: 0, y: 0}
    newSize: {x: 0, y: 0}
    adaptiveTilingThreshold: 0
    drawMode: 0
    adaptiveTiling: 0
  m_AutoTiling: 0
  serializedVersion: 2
  m_Size: {x: 16.3, y: 7.8}
  m_EdgeRadius: 0
--- !u!114 &52823959
MonoBehaviour:
  m_ObjectHideFlags: 0
  m_CorrespondingSourceObject: {fileID: 0}
  m_PrefabInternal: {fileID: 0}
  m_GameObject: {fileID: 52823956}
  m_Enabled: 1
  m_EditorHideFlags: 0
  m_Script: {fileID: 11500000, guid: b7effa6bf2e520b4da2daae9ed8267eb, type: 3}
  m_Name: 
  m_EditorClassIdentifier: 
  explosionPrefab: {fileID: 1460129247540738, guid: 836617d3b5f282d4dbffe63107b45321,
    type: 2}
--- !u!1 &64574685 stripped
GameObject:
  m_CorrespondingSourceObject: {fileID: 1499129492448844, guid: d46595c72a81e6f46b93b37b6a5c910c,
    type: 2}
  m_PrefabInternal: {fileID: 176065471}
--- !u!4 &64574687 stripped
Transform:
  m_CorrespondingSourceObject: {fileID: 4966019475211664, guid: d46595c72a81e6f46b93b37b6a5c910c,
    type: 2}
  m_PrefabInternal: {fileID: 176065471}
--- !u!4 &146381223 stripped
Transform:
  m_CorrespondingSourceObject: {fileID: 4376074958664848, guid: 05d153e11aca4f644a3b8ceb00ab45bf,
    type: 2}
  m_PrefabInternal: {fileID: 573292383}
--- !u!1 &153909422
GameObject:
  m_ObjectHideFlags: 0
  m_CorrespondingSourceObject: {fileID: 0}
  m_PrefabInternal: {fileID: 0}
  serializedVersion: 6
  m_Component:
  - component: {fileID: 153909423}
  - component: {fileID: 153909424}
  m_Layer: 0
  m_Name: 'Audio: Lost Life'
  m_TagString: Untagged
  m_Icon: {fileID: 0}
  m_NavMeshLayer: 0
  m_StaticEditorFlags: 0
  m_IsActive: 1
--- !u!4 &153909423
Transform:
  m_ObjectHideFlags: 0
  m_CorrespondingSourceObject: {fileID: 0}
  m_PrefabInternal: {fileID: 0}
  m_GameObject: {fileID: 153909422}
  m_LocalRotation: {x: 0, y: 0, z: 0, w: 1}
  m_LocalPosition: {x: 0, y: 0, z: 0}
  m_LocalScale: {x: 1, y: 1, z: 1}
  m_Children: []
  m_Father: {fileID: 1057227355}
  m_RootOrder: 1
  m_LocalEulerAnglesHint: {x: 0, y: 0, z: 0}
--- !u!82 &153909424
AudioSource:
  m_ObjectHideFlags: 0
  m_CorrespondingSourceObject: {fileID: 0}
  m_PrefabInternal: {fileID: 0}
  m_GameObject: {fileID: 153909422}
  m_Enabled: 1
  serializedVersion: 4
  OutputAudioMixerGroup: {fileID: 0}
  m_audioClip: {fileID: 0}
  m_PlayOnAwake: 0
  m_Volume: 1
  m_Pitch: 1.35
  Loop: 0
  Mute: 0
  Spatialize: 0
  SpatializePostEffects: 0
  Priority: 128
  DopplerLevel: 1
  MinDistance: 1
  MaxDistance: 500
  Pan2D: 0
  rolloffMode: 0
  BypassEffects: 0
  BypassListenerEffects: 0
  BypassReverbZones: 0
  rolloffCustomCurve:
    serializedVersion: 2
    m_Curve:
    - serializedVersion: 3
      time: 0
      value: 1
      inSlope: 0
      outSlope: 0
      tangentMode: 0
      weightedMode: 0
      inWeight: 0.33333334
      outWeight: 0.33333334
    - serializedVersion: 3
      time: 1
      value: 0
      inSlope: 0
      outSlope: 0
      tangentMode: 0
      weightedMode: 0
      inWeight: 0.33333334
      outWeight: 0.33333334
    m_PreInfinity: 2
    m_PostInfinity: 2
    m_RotationOrder: 4
  panLevelCustomCurve:
    serializedVersion: 2
    m_Curve:
    - serializedVersion: 3
      time: 0
      value: 0
      inSlope: 0
      outSlope: 0
      tangentMode: 0
      weightedMode: 0
      inWeight: 0.33333334
      outWeight: 0.33333334
    m_PreInfinity: 2
    m_PostInfinity: 2
    m_RotationOrder: 4
  spreadCustomCurve:
    serializedVersion: 2
    m_Curve:
    - serializedVersion: 3
      time: 0
      value: 0
      inSlope: 0
      outSlope: 0
      tangentMode: 0
      weightedMode: 0
      inWeight: 0.33333334
      outWeight: 0.33333334
    m_PreInfinity: 2
    m_PostInfinity: 2
    m_RotationOrder: 4
  reverbZoneMixCustomCurve:
    serializedVersion: 2
    m_Curve:
    - serializedVersion: 3
      time: 0
      value: 1
      inSlope: 0
      outSlope: 0
      tangentMode: 0
      weightedMode: 0
      inWeight: 0.33333334
      outWeight: 0.33333334
    m_PreInfinity: 2
    m_PostInfinity: 2
    m_RotationOrder: 4
--- !u!1001 &176065471
Prefab:
  m_ObjectHideFlags: 0
  serializedVersion: 2
  m_Modification:
    m_TransformParent: {fileID: 194090463}
    m_Modifications:
    - target: {fileID: 4966019475211664, guid: d46595c72a81e6f46b93b37b6a5c910c, type: 2}
      propertyPath: m_LocalPosition.x
      value: -12.3
      objectReference: {fileID: 0}
    - target: {fileID: 4966019475211664, guid: d46595c72a81e6f46b93b37b6a5c910c, type: 2}
      propertyPath: m_LocalPosition.y
      value: 1.55
      objectReference: {fileID: 0}
    - target: {fileID: 4966019475211664, guid: d46595c72a81e6f46b93b37b6a5c910c, type: 2}
      propertyPath: m_LocalPosition.z
      value: -0.09254492
      objectReference: {fileID: 0}
    - target: {fileID: 4966019475211664, guid: d46595c72a81e6f46b93b37b6a5c910c, type: 2}
      propertyPath: m_LocalRotation.x
      value: -0
      objectReference: {fileID: 0}
    - target: {fileID: 4966019475211664, guid: d46595c72a81e6f46b93b37b6a5c910c, type: 2}
      propertyPath: m_LocalRotation.y
      value: -0
      objectReference: {fileID: 0}
    - target: {fileID: 4966019475211664, guid: d46595c72a81e6f46b93b37b6a5c910c, type: 2}
      propertyPath: m_LocalRotation.z
      value: -0
      objectReference: {fileID: 0}
    - target: {fileID: 4966019475211664, guid: d46595c72a81e6f46b93b37b6a5c910c, type: 2}
      propertyPath: m_LocalRotation.w
      value: 1
      objectReference: {fileID: 0}
    - target: {fileID: 4966019475211664, guid: d46595c72a81e6f46b93b37b6a5c910c, type: 2}
      propertyPath: m_RootOrder
      value: 0
      objectReference: {fileID: 0}
    m_RemovedComponents: []
  m_SourcePrefab: {fileID: 100100000, guid: d46595c72a81e6f46b93b37b6a5c910c, type: 2}
  m_IsPrefabAsset: 0
--- !u!1 &194090462
GameObject:
  m_ObjectHideFlags: 0
  m_CorrespondingSourceObject: {fileID: 0}
  m_PrefabInternal: {fileID: 0}
  serializedVersion: 6
  m_Component:
  - component: {fileID: 194090463}
  m_Layer: 0
  m_Name: EnemySpawnPoints_Group
  m_TagString: Untagged
  m_Icon: {fileID: 0}
  m_NavMeshLayer: 0
  m_StaticEditorFlags: 0
  m_IsActive: 1
--- !u!4 &194090463
Transform:
  m_ObjectHideFlags: 0
  m_CorrespondingSourceObject: {fileID: 0}
  m_PrefabInternal: {fileID: 0}
  m_GameObject: {fileID: 194090462}
  m_LocalRotation: {x: 0, y: 0, z: 0, w: 1}
  m_LocalPosition: {x: 0, y: 0, z: 0}
  m_LocalScale: {x: 1, y: 1, z: 1}
  m_Children:
  - {fileID: 64574687}
  - {fileID: 654192541}
  - {fileID: 1344494575}
  - {fileID: 602462687}
  - {fileID: 831876155}
  - {fileID: 1162247609}
  - {fileID: 705377893}
  - {fileID: 1787763740}
  m_Father: {fileID: 0}
  m_RootOrder: 5
  m_LocalEulerAnglesHint: {x: 0, y: 0, z: 0}
--- !u!1001 &196000590
Prefab:
  m_ObjectHideFlags: 0
  serializedVersion: 2
  m_Modification:
    m_TransformParent: {fileID: 52823957}
    m_Modifications:
    - target: {fileID: 4651927372594120, guid: 66eb4397a1c99dc4d8b4446544df40cb, type: 2}
      propertyPath: m_LocalPosition.x
      value: 0.32
      objectReference: {fileID: 0}
    - target: {fileID: 4651927372594120, guid: 66eb4397a1c99dc4d8b4446544df40cb, type: 2}
      propertyPath: m_LocalPosition.y
      value: 3.75
      objectReference: {fileID: 0}
    - target: {fileID: 4651927372594120, guid: 66eb4397a1c99dc4d8b4446544df40cb, type: 2}
      propertyPath: m_LocalPosition.z
      value: 0
      objectReference: {fileID: 0}
    - target: {fileID: 4651927372594120, guid: 66eb4397a1c99dc4d8b4446544df40cb, type: 2}
      propertyPath: m_LocalRotation.x
      value: -0
      objectReference: {fileID: 0}
    - target: {fileID: 4651927372594120, guid: 66eb4397a1c99dc4d8b4446544df40cb, type: 2}
      propertyPath: m_LocalRotation.y
      value: -0
      objectReference: {fileID: 0}
    - target: {fileID: 4651927372594120, guid: 66eb4397a1c99dc4d8b4446544df40cb, type: 2}
      propertyPath: m_LocalRotation.z
      value: 0.7071068
      objectReference: {fileID: 0}
    - target: {fileID: 4651927372594120, guid: 66eb4397a1c99dc4d8b4446544df40cb, type: 2}
      propertyPath: m_LocalRotation.w
      value: 0.7071068
      objectReference: {fileID: 0}
    - target: {fileID: 4651927372594120, guid: 66eb4397a1c99dc4d8b4446544df40cb, type: 2}
      propertyPath: m_RootOrder
      value: 2
      objectReference: {fileID: 0}
    - target: {fileID: 1599163388601270, guid: 66eb4397a1c99dc4d8b4446544df40cb, type: 2}
      propertyPath: m_Name
      value: Laser_North
      objectReference: {fileID: 0}
    - target: {fileID: 4651927372594120, guid: 66eb4397a1c99dc4d8b4446544df40cb, type: 2}
      propertyPath: m_LocalScale.x
      value: 0.20000012
      objectReference: {fileID: 0}
    - target: {fileID: 4651927372594120, guid: 66eb4397a1c99dc4d8b4446544df40cb, type: 2}
      propertyPath: m_LocalScale.y
      value: 2
      objectReference: {fileID: 0}
    - target: {fileID: 1599163388601270, guid: 66eb4397a1c99dc4d8b4446544df40cb, type: 2}
      propertyPath: m_TagString
      value: Laser
      objectReference: {fileID: 0}
    m_RemovedComponents: []
  m_SourcePrefab: {fileID: 100100000, guid: 66eb4397a1c99dc4d8b4446544df40cb, type: 2}
  m_IsPrefabAsset: 0
--- !u!1001 &211596271
Prefab:
  m_ObjectHideFlags: 0
  serializedVersion: 2
  m_Modification:
    m_TransformParent: {fileID: 0}
    m_Modifications:
    - target: {fileID: 4221801185391400, guid: 4b065986d11497f4daee4bf762028a90, type: 2}
      propertyPath: m_LocalPosition.x
      value: 0.17
      objectReference: {fileID: 0}
    - target: {fileID: 4221801185391400, guid: 4b065986d11497f4daee4bf762028a90, type: 2}
      propertyPath: m_LocalPosition.y
      value: 0
      objectReference: {fileID: 0}
    - target: {fileID: 4221801185391400, guid: 4b065986d11497f4daee4bf762028a90, type: 2}
      propertyPath: m_LocalPosition.z
      value: 0
      objectReference: {fileID: 0}
    - target: {fileID: 4221801185391400, guid: 4b065986d11497f4daee4bf762028a90, type: 2}
      propertyPath: m_LocalRotation.x
      value: -0
      objectReference: {fileID: 0}
    - target: {fileID: 4221801185391400, guid: 4b065986d11497f4daee4bf762028a90, type: 2}
      propertyPath: m_LocalRotation.y
      value: -0
      objectReference: {fileID: 0}
    - target: {fileID: 4221801185391400, guid: 4b065986d11497f4daee4bf762028a90, type: 2}
      propertyPath: m_LocalRotation.z
      value: -0
      objectReference: {fileID: 0}
    - target: {fileID: 4221801185391400, guid: 4b065986d11497f4daee4bf762028a90, type: 2}
      propertyPath: m_LocalRotation.w
      value: 1
      objectReference: {fileID: 0}
    - target: {fileID: 4221801185391400, guid: 4b065986d11497f4daee4bf762028a90, type: 2}
      propertyPath: m_RootOrder
      value: 1
      objectReference: {fileID: 0}
    - target: {fileID: 114274519789372058, guid: 4b065986d11497f4daee4bf762028a90,
        type: 2}
      propertyPath: bulletPrefab
      value: 
      objectReference: {fileID: 1061512316452692, guid: aa7799efcab7c564d97003b6bfb6891a,
        type: 2}
    m_RemovedComponents: []
  m_SourcePrefab: {fileID: 100100000, guid: 4b065986d11497f4daee4bf762028a90, type: 2}
  m_IsPrefabAsset: 0
--- !u!4 &352276160 stripped
Transform:
  m_CorrespondingSourceObject: {fileID: 4651927372594120, guid: 66eb4397a1c99dc4d8b4446544df40cb,
    type: 2}
  m_PrefabInternal: {fileID: 1907170231}
--- !u!1001 &354073547
Prefab:
  m_ObjectHideFlags: 0
  serializedVersion: 2
  m_Modification:
    m_TransformParent: {fileID: 194090463}
    m_Modifications:
    - target: {fileID: 4966019475211664, guid: d46595c72a81e6f46b93b37b6a5c910c, type: 2}
      propertyPath: m_LocalPosition.x
      value: -5.95
      objectReference: {fileID: 0}
    - target: {fileID: 4966019475211664, guid: d46595c72a81e6f46b93b37b6a5c910c, type: 2}
      propertyPath: m_LocalPosition.y
      value: -8.24
      objectReference: {fileID: 0}
    - target: {fileID: 4966019475211664, guid: d46595c72a81e6f46b93b37b6a5c910c, type: 2}
      propertyPath: m_LocalPosition.z
      value: -0.09254492
      objectReference: {fileID: 0}
    - target: {fileID: 4966019475211664, guid: d46595c72a81e6f46b93b37b6a5c910c, type: 2}
      propertyPath: m_LocalRotation.x
      value: -0
      objectReference: {fileID: 0}
    - target: {fileID: 4966019475211664, guid: d46595c72a81e6f46b93b37b6a5c910c, type: 2}
      propertyPath: m_LocalRotation.y
      value: -0
      objectReference: {fileID: 0}
    - target: {fileID: 4966019475211664, guid: d46595c72a81e6f46b93b37b6a5c910c, type: 2}
      propertyPath: m_LocalRotation.z
      value: -0
      objectReference: {fileID: 0}
    - target: {fileID: 4966019475211664, guid: d46595c72a81e6f46b93b37b6a5c910c, type: 2}
      propertyPath: m_LocalRotation.w
      value: 1
      objectReference: {fileID: 0}
    - target: {fileID: 4966019475211664, guid: d46595c72a81e6f46b93b37b6a5c910c, type: 2}
      propertyPath: m_RootOrder
      value: 3
      objectReference: {fileID: 0}
    - target: {fileID: 4966019475211664, guid: d46595c72a81e6f46b93b37b6a5c910c, type: 2}
      propertyPath: m_LocalScale.x
      value: 3
      objectReference: {fileID: 0}
    - target: {fileID: 4966019475211664, guid: d46595c72a81e6f46b93b37b6a5c910c, type: 2}
      propertyPath: m_LocalScale.y
      value: 3
      objectReference: {fileID: 0}
    - target: {fileID: 212077787155945810, guid: d46595c72a81e6f46b93b37b6a5c910c,
        type: 2}
      propertyPath: m_Color.r
      value: 1
      objectReference: {fileID: 0}
    - target: {fileID: 212077787155945810, guid: d46595c72a81e6f46b93b37b6a5c910c,
        type: 2}
      propertyPath: m_Color.g
      value: 0.13217431
      objectReference: {fileID: 0}
    - target: {fileID: 212077787155945810, guid: d46595c72a81e6f46b93b37b6a5c910c,
        type: 2}
      propertyPath: m_Color.b
      value: 0
      objectReference: {fileID: 0}
    - target: {fileID: 1499129492448844, guid: d46595c72a81e6f46b93b37b6a5c910c, type: 2}
      propertyPath: m_Name
      value: Enemy Spawn Point (3)
      objectReference: {fileID: 0}
    m_RemovedComponents: []
  m_SourcePrefab: {fileID: 100100000, guid: d46595c72a81e6f46b93b37b6a5c910c, type: 2}
  m_IsPrefabAsset: 0
--- !u!1 &400139715
GameObject:
  m_ObjectHideFlags: 0
  m_CorrespondingSourceObject: {fileID: 0}
  m_PrefabInternal: {fileID: 0}
  serializedVersion: 6
  m_Component:
  - component: {fileID: 400139719}
  - component: {fileID: 400139718}
  - component: {fileID: 400139717}
  - component: {fileID: 400139716}
  m_Layer: 5
  m_Name: Canvas
  m_TagString: Untagged
  m_Icon: {fileID: 0}
  m_NavMeshLayer: 0
  m_StaticEditorFlags: 0
  m_IsActive: 1
--- !u!114 &400139716
MonoBehaviour:
  m_ObjectHideFlags: 0
  m_CorrespondingSourceObject: {fileID: 0}
  m_PrefabInternal: {fileID: 0}
  m_GameObject: {fileID: 400139715}
  m_Enabled: 1
  m_EditorHideFlags: 0
  m_Script: {fileID: 1301386320, guid: f70555f144d8491a825f0804e09c671c, type: 3}
  m_Name: 
  m_EditorClassIdentifier: 
  m_IgnoreReversedGraphics: 1
  m_BlockingObjects: 0
  m_BlockingMask:
    serializedVersion: 2
    m_Bits: 4294967295
--- !u!114 &400139717
MonoBehaviour:
  m_ObjectHideFlags: 0
  m_CorrespondingSourceObject: {fileID: 0}
  m_PrefabInternal: {fileID: 0}
  m_GameObject: {fileID: 400139715}
  m_Enabled: 1
  m_EditorHideFlags: 0
  m_Script: {fileID: 1980459831, guid: f70555f144d8491a825f0804e09c671c, type: 3}
  m_Name: 
  m_EditorClassIdentifier: 
  m_UiScaleMode: 1
  m_ReferencePixelsPerUnit: 100
  m_ScaleFactor: 1
  m_ReferenceResolution: {x: 800, y: 600}
  m_ScreenMatchMode: 0
  m_MatchWidthOrHeight: 0
  m_PhysicalUnit: 3
  m_FallbackScreenDPI: 96
  m_DefaultSpriteDPI: 96
  m_DynamicPixelsPerUnit: 1
--- !u!223 &400139718
Canvas:
  m_ObjectHideFlags: 0
  m_CorrespondingSourceObject: {fileID: 0}
  m_PrefabInternal: {fileID: 0}
  m_GameObject: {fileID: 400139715}
  m_Enabled: 1
  serializedVersion: 3
  m_RenderMode: 0
  m_Camera: {fileID: 0}
  m_PlaneDistance: 100
  m_PixelPerfect: 0
  m_ReceivesEvents: 1
  m_OverrideSorting: 0
  m_OverridePixelPerfect: 0
  m_SortingBucketNormalizedSize: 0
  m_AdditionalShaderChannelsFlag: 0
  m_SortingLayerID: 0
  m_SortingOrder: 0
  m_TargetDisplay: 0
--- !u!224 &400139719
RectTransform:
  m_ObjectHideFlags: 0
  m_CorrespondingSourceObject: {fileID: 0}
  m_PrefabInternal: {fileID: 0}
  m_GameObject: {fileID: 400139715}
  m_LocalRotation: {x: 0, y: 0, z: 0, w: 1}
  m_LocalPosition: {x: 0, y: 0, z: 0}
  m_LocalScale: {x: 0, y: 0, z: 0}
  m_Children:
  - {fileID: 987871850}
  - {fileID: 1249493928}
  m_Father: {fileID: 0}
  m_RootOrder: 7
  m_LocalEulerAnglesHint: {x: 0, y: 0, z: 0}
  m_AnchorMin: {x: 0, y: 0}
  m_AnchorMax: {x: 0, y: 0}
  m_AnchoredPosition: {x: 0, y: 0}
  m_SizeDelta: {x: 0, y: 0}
  m_Pivot: {x: 0, y: 0}
--- !u!1 &459183377
GameObject:
  m_ObjectHideFlags: 0
  m_CorrespondingSourceObject: {fileID: 0}
  m_PrefabInternal: {fileID: 0}
  serializedVersion: 6
  m_Component:
  - component: {fileID: 459183378}
  - component: {fileID: 459183379}
  m_Layer: 0
  m_Name: 'Audio: Game Over'
  m_TagString: Untagged
  m_Icon: {fileID: 0}
  m_NavMeshLayer: 0
  m_StaticEditorFlags: 0
  m_IsActive: 1
--- !u!4 &459183378
Transform:
  m_ObjectHideFlags: 0
  m_CorrespondingSourceObject: {fileID: 0}
  m_PrefabInternal: {fileID: 0}
  m_GameObject: {fileID: 459183377}
  m_LocalRotation: {x: 0, y: 0, z: 0, w: 1}
  m_LocalPosition: {x: 0, y: 0, z: 0}
  m_LocalScale: {x: 1, y: 1, z: 1}
  m_Children: []
  m_Father: {fileID: 1057227355}
  m_RootOrder: 3
  m_LocalEulerAnglesHint: {x: 0, y: 0, z: 0}
--- !u!82 &459183379
AudioSource:
  m_ObjectHideFlags: 0
  m_CorrespondingSourceObject: {fileID: 0}
  m_PrefabInternal: {fileID: 0}
  m_GameObject: {fileID: 459183377}
  m_Enabled: 1
  serializedVersion: 4
  OutputAudioMixerGroup: {fileID: 0}
  m_audioClip: {fileID: 0}
  m_PlayOnAwake: 0
  m_Volume: 0.5
  m_Pitch: 1
  Loop: 0
  Mute: 0
  Spatialize: 0
  SpatializePostEffects: 0
  Priority: 128
  DopplerLevel: 1
  MinDistance: 1
  MaxDistance: 500
  Pan2D: 0
  rolloffMode: 0
  BypassEffects: 0
  BypassListenerEffects: 0
  BypassReverbZones: 0
  rolloffCustomCurve:
    serializedVersion: 2
    m_Curve:
    - serializedVersion: 3
      time: 0
      value: 1
      inSlope: 0
      outSlope: 0
      tangentMode: 0
      weightedMode: 0
      inWeight: 0.33333334
      outWeight: 0.33333334
    - serializedVersion: 3
      time: 1
      value: 0
      inSlope: 0
      outSlope: 0
      tangentMode: 0
      weightedMode: 0
      inWeight: 0.33333334
      outWeight: 0.33333334
    m_PreInfinity: 2
    m_PostInfinity: 2
    m_RotationOrder: 4
  panLevelCustomCurve:
    serializedVersion: 2
    m_Curve:
    - serializedVersion: 3
      time: 0
      value: 0
      inSlope: 0
      outSlope: 0
      tangentMode: 0
      weightedMode: 0
      inWeight: 0.33333334
      outWeight: 0.33333334
    m_PreInfinity: 2
    m_PostInfinity: 2
    m_RotationOrder: 4
  spreadCustomCurve:
    serializedVersion: 2
    m_Curve:
    - serializedVersion: 3
      time: 0
      value: 0
      inSlope: 0
      outSlope: 0
      tangentMode: 0
      weightedMode: 0
      inWeight: 0.33333334
      outWeight: 0.33333334
    m_PreInfinity: 2
    m_PostInfinity: 2
    m_RotationOrder: 4
  reverbZoneMixCustomCurve:
    serializedVersion: 2
    m_Curve:
    - serializedVersion: 3
      time: 0
      value: 1
      inSlope: 0
      outSlope: 0
      tangentMode: 0
      weightedMode: 0
      inWeight: 0.33333334
      outWeight: 0.33333334
    m_PreInfinity: 2
    m_PostInfinity: 2
    m_RotationOrder: 4
--- !u!1 &519420028
GameObject:
  m_ObjectHideFlags: 0
  m_CorrespondingSourceObject: {fileID: 0}
  m_PrefabInternal: {fileID: 0}
  serializedVersion: 6
  m_Component:
  - component: {fileID: 519420032}
  - component: {fileID: 519420031}
  - component: {fileID: 519420029}
  m_Layer: 0
  m_Name: Main Camera
  m_TagString: MainCamera
  m_Icon: {fileID: 0}
  m_NavMeshLayer: 0
  m_StaticEditorFlags: 0
  m_IsActive: 1
--- !u!81 &519420029
AudioListener:
  m_ObjectHideFlags: 0
  m_CorrespondingSourceObject: {fileID: 0}
  m_PrefabInternal: {fileID: 0}
  m_GameObject: {fileID: 519420028}
  m_Enabled: 1
--- !u!20 &519420031
Camera:
  m_ObjectHideFlags: 0
  m_CorrespondingSourceObject: {fileID: 0}
  m_PrefabInternal: {fileID: 0}
  m_GameObject: {fileID: 519420028}
  m_Enabled: 1
  serializedVersion: 2
  m_ClearFlags: 1
  m_BackGroundColor: {r: 0, g: 0, b: 0, a: 0}
  m_projectionMatrixMode: 1
  m_SensorSize: {x: 36, y: 24}
  m_LensShift: {x: 0, y: 0}
  m_FocalLength: 50
  m_NormalizedViewPortRect:
    serializedVersion: 2
    x: 0
    y: 0
    width: 1
    height: 1
  near clip plane: 0.3
  far clip plane: 1000
  field of view: 60
  orthographic: 1
  orthographic size: 5
  m_Depth: -1
  m_CullingMask:
    serializedVersion: 2
    m_Bits: 4294967295
  m_RenderingPath: -1
  m_TargetTexture: {fileID: 0}
  m_TargetDisplay: 0
  m_TargetEye: 0
  m_HDR: 1
  m_AllowMSAA: 0
  m_AllowDynamicResolution: 0
  m_ForceIntoRT: 0
  m_OcclusionCulling: 0
  m_StereoConvergence: 10
  m_StereoSeparation: 0.022
--- !u!4 &519420032
Transform:
  m_ObjectHideFlags: 0
  m_CorrespondingSourceObject: {fileID: 0}
  m_PrefabInternal: {fileID: 0}
  m_GameObject: {fileID: 519420028}
  m_LocalRotation: {x: 0, y: 0, z: 0, w: 1}
  m_LocalPosition: {x: 0, y: 0, z: -1}
  m_LocalScale: {x: 1, y: 1, z: 1}
  m_Children: []
  m_Father: {fileID: 0}
  m_RootOrder: 0
  m_LocalEulerAnglesHint: {x: 0, y: 0, z: 0}
--- !u!1001 &529713448
Prefab:
  m_ObjectHideFlags: 0
  serializedVersion: 2
  m_Modification:
    m_TransformParent: {fileID: 194090463}
    m_Modifications:
    - target: {fileID: 4966019475211664, guid: d46595c72a81e6f46b93b37b6a5c910c, type: 2}
      propertyPath: m_LocalPosition.x
      value: 14.38
      objectReference: {fileID: 0}
    - target: {fileID: 4966019475211664, guid: d46595c72a81e6f46b93b37b6a5c910c, type: 2}
      propertyPath: m_LocalPosition.y
      value: 2.52
      objectReference: {fileID: 0}
    - target: {fileID: 4966019475211664, guid: d46595c72a81e6f46b93b37b6a5c910c, type: 2}
      propertyPath: m_LocalPosition.z
      value: -0.09254492
      objectReference: {fileID: 0}
    - target: {fileID: 4966019475211664, guid: d46595c72a81e6f46b93b37b6a5c910c, type: 2}
      propertyPath: m_LocalRotation.x
      value: -0
      objectReference: {fileID: 0}
    - target: {fileID: 4966019475211664, guid: d46595c72a81e6f46b93b37b6a5c910c, type: 2}
      propertyPath: m_LocalRotation.y
      value: -0
      objectReference: {fileID: 0}
    - target: {fileID: 4966019475211664, guid: d46595c72a81e6f46b93b37b6a5c910c, type: 2}
      propertyPath: m_LocalRotation.z
      value: -0
      objectReference: {fileID: 0}
    - target: {fileID: 4966019475211664, guid: d46595c72a81e6f46b93b37b6a5c910c, type: 2}
      propertyPath: m_LocalRotation.w
      value: 1
      objectReference: {fileID: 0}
    - target: {fileID: 4966019475211664, guid: d46595c72a81e6f46b93b37b6a5c910c, type: 2}
      propertyPath: m_RootOrder
      value: 5
      objectReference: {fileID: 0}
    - target: {fileID: 4966019475211664, guid: d46595c72a81e6f46b93b37b6a5c910c, type: 2}
      propertyPath: m_LocalScale.x
      value: 3
      objectReference: {fileID: 0}
    - target: {fileID: 4966019475211664, guid: d46595c72a81e6f46b93b37b6a5c910c, type: 2}
      propertyPath: m_LocalScale.y
      value: 3
      objectReference: {fileID: 0}
    - target: {fileID: 212077787155945810, guid: d46595c72a81e6f46b93b37b6a5c910c,
        type: 2}
      propertyPath: m_Color.r
      value: 1
      objectReference: {fileID: 0}
    - target: {fileID: 212077787155945810, guid: d46595c72a81e6f46b93b37b6a5c910c,
        type: 2}
      propertyPath: m_Color.g
      value: 0.13217431
      objectReference: {fileID: 0}
    - target: {fileID: 212077787155945810, guid: d46595c72a81e6f46b93b37b6a5c910c,
        type: 2}
      propertyPath: m_Color.b
      value: 0
      objectReference: {fileID: 0}
    - target: {fileID: 1499129492448844, guid: d46595c72a81e6f46b93b37b6a5c910c, type: 2}
      propertyPath: m_Name
      value: Enemy Spawn Point (5)
      objectReference: {fileID: 0}
    m_RemovedComponents: []
  m_SourcePrefab: {fileID: 100100000, guid: d46595c72a81e6f46b93b37b6a5c910c, type: 2}
  m_IsPrefabAsset: 0
--- !u!4 &546356967 stripped
Transform:
  m_CorrespondingSourceObject: {fileID: 4376074958664848, guid: 05d153e11aca4f644a3b8ceb00ab45bf,
    type: 2}
  m_PrefabInternal: {fileID: 920477319}
--- !u!1001 &573292383
Prefab:
  m_ObjectHideFlags: 0
  serializedVersion: 2
  m_Modification:
    m_TransformParent: {fileID: 1514568899}
    m_Modifications:
    - target: {fileID: 4376074958664848, guid: 05d153e11aca4f644a3b8ceb00ab45bf, type: 2}
      propertyPath: m_LocalPosition.x
      value: 3.9419615
      objectReference: {fileID: 0}
    - target: {fileID: 4376074958664848, guid: 05d153e11aca4f644a3b8ceb00ab45bf, type: 2}
      propertyPath: m_LocalPosition.y
      value: -0.067875296
      objectReference: {fileID: 0}
    - target: {fileID: 4376074958664848, guid: 05d153e11aca4f644a3b8ceb00ab45bf, type: 2}
      propertyPath: m_LocalPosition.z
      value: 0.05859375
      objectReference: {fileID: 0}
    - target: {fileID: 4376074958664848, guid: 05d153e11aca4f644a3b8ceb00ab45bf, type: 2}
      propertyPath: m_LocalRotation.x
      value: -0
      objectReference: {fileID: 0}
    - target: {fileID: 4376074958664848, guid: 05d153e11aca4f644a3b8ceb00ab45bf, type: 2}
      propertyPath: m_LocalRotation.y
      value: -0
      objectReference: {fileID: 0}
    - target: {fileID: 4376074958664848, guid: 05d153e11aca4f644a3b8ceb00ab45bf, type: 2}
      propertyPath: m_LocalRotation.z
      value: -0
      objectReference: {fileID: 0}
    - target: {fileID: 4376074958664848, guid: 05d153e11aca4f644a3b8ceb00ab45bf, type: 2}
      propertyPath: m_LocalRotation.w
      value: 1
      objectReference: {fileID: 0}
    - target: {fileID: 4376074958664848, guid: 05d153e11aca4f644a3b8ceb00ab45bf, type: 2}
      propertyPath: m_RootOrder
      value: 1
      objectReference: {fileID: 0}
    - target: {fileID: 1440408448882018, guid: 05d153e11aca4f644a3b8ceb00ab45bf, type: 2}
      propertyPath: m_Name
      value: ExtraLife_SpawnZone (1)
      objectReference: {fileID: 0}
    - target: {fileID: 212083572423518458, guid: 05d153e11aca4f644a3b8ceb00ab45bf,
        type: 2}
      propertyPath: m_Enabled
      value: 0
      objectReference: {fileID: 0}
    m_RemovedComponents: []
  m_SourcePrefab: {fileID: 100100000, guid: 05d153e11aca4f644a3b8ceb00ab45bf, type: 2}
  m_IsPrefabAsset: 0
--- !u!1 &602462685 stripped
GameObject:
  m_CorrespondingSourceObject: {fileID: 1499129492448844, guid: d46595c72a81e6f46b93b37b6a5c910c,
    type: 2}
  m_PrefabInternal: {fileID: 354073547}
--- !u!4 &602462687 stripped
Transform:
  m_CorrespondingSourceObject: {fileID: 4966019475211664, guid: d46595c72a81e6f46b93b37b6a5c910c,
    type: 2}
  m_PrefabInternal: {fileID: 354073547}
--- !u!1 &654192539 stripped
GameObject:
  m_CorrespondingSourceObject: {fileID: 1499129492448844, guid: d46595c72a81e6f46b93b37b6a5c910c,
    type: 2}
  m_PrefabInternal: {fileID: 1272446488}
--- !u!4 &654192541 stripped
Transform:
  m_CorrespondingSourceObject: {fileID: 4966019475211664, guid: d46595c72a81e6f46b93b37b6a5c910c,
    type: 2}
  m_PrefabInternal: {fileID: 1272446488}
--- !u!1 &705377891 stripped
GameObject:
  m_CorrespondingSourceObject: {fileID: 1499129492448844, guid: d46595c72a81e6f46b93b37b6a5c910c,
    type: 2}
  m_PrefabInternal: {fileID: 1155687764}
--- !u!4 &705377893 stripped
Transform:
  m_CorrespondingSourceObject: {fileID: 4966019475211664, guid: d46595c72a81e6f46b93b37b6a5c910c,
    type: 2}
  m_PrefabInternal: {fileID: 1155687764}
--- !u!1 &767544519
GameObject:
  m_ObjectHideFlags: 0
  m_CorrespondingSourceObject: {fileID: 0}
  m_PrefabInternal: {fileID: 0}
  serializedVersion: 6
  m_Component:
  - component: {fileID: 767544520}
  - component: {fileID: 767544522}
  - component: {fileID: 767544521}
  m_Layer: 5
  m_Name: HUD_Background
  m_TagString: Untagged
  m_Icon: {fileID: 0}
  m_NavMeshLayer: 0
  m_StaticEditorFlags: 0
  m_IsActive: 1
--- !u!224 &767544520
RectTransform:
  m_ObjectHideFlags: 0
  m_CorrespondingSourceObject: {fileID: 0}
  m_PrefabInternal: {fileID: 0}
  m_GameObject: {fileID: 767544519}
  m_LocalRotation: {x: -0, y: -0, z: -0, w: 1}
  m_LocalPosition: {x: 0, y: 0, z: 0}
  m_LocalScale: {x: 1, y: 1, z: 1}
  m_Children: []
  m_Father: {fileID: 987871850}
  m_RootOrder: 0
  m_LocalEulerAnglesHint: {x: 0, y: 0, z: 0}
  m_AnchorMin: {x: 0, y: 1}
  m_AnchorMax: {x: 0, y: 1}
  m_AnchoredPosition: {x: 8.2, y: 138}
  m_SizeDelta: {x: 562.3, y: 39.18}
  m_Pivot: {x: 0.5, y: 0.5}
--- !u!114 &767544521
MonoBehaviour:
  m_ObjectHideFlags: 0
  m_CorrespondingSourceObject: {fileID: 0}
  m_PrefabInternal: {fileID: 0}
  m_GameObject: {fileID: 767544519}
  m_Enabled: 1
  m_EditorHideFlags: 0
  m_Script: {fileID: -765806418, guid: f70555f144d8491a825f0804e09c671c, type: 3}
  m_Name: 
  m_EditorClassIdentifier: 
  m_Material: {fileID: 0}
  m_Color: {r: 0, g: 0, b: 0, a: 0.3019608}
  m_RaycastTarget: 1
  m_OnCullStateChanged:
    m_PersistentCalls:
      m_Calls: []
    m_TypeName: UnityEngine.UI.MaskableGraphic+CullStateChangedEvent, UnityEngine.UI,
      Version=1.0.0.0, Culture=neutral, PublicKeyToken=null
  m_Sprite: {fileID: 10905, guid: 0000000000000000f000000000000000, type: 0}
  m_Type: 1
  m_PreserveAspect: 0
  m_FillCenter: 1
  m_FillMethod: 4
  m_FillAmount: 1
  m_FillClockwise: 1
  m_FillOrigin: 0
--- !u!222 &767544522
CanvasRenderer:
  m_ObjectHideFlags: 0
  m_CorrespondingSourceObject: {fileID: 0}
  m_PrefabInternal: {fileID: 0}
  m_GameObject: {fileID: 767544519}
  m_CullTransparentMesh: 0
--- !u!1 &777324276
GameObject:
  m_ObjectHideFlags: 0
  m_CorrespondingSourceObject: {fileID: 0}
  m_PrefabInternal: {fileID: 0}
  serializedVersion: 6
  m_Component:
  - component: {fileID: 777324277}
  - component: {fileID: 777324279}
  - component: {fileID: 777324278}
  m_Layer: 5
  m_Name: GameOver_Text
  m_TagString: Untagged
  m_Icon: {fileID: 0}
  m_NavMeshLayer: 0
  m_StaticEditorFlags: 0
  m_IsActive: 1
--- !u!224 &777324277
RectTransform:
  m_ObjectHideFlags: 0
  m_CorrespondingSourceObject: {fileID: 0}
  m_PrefabInternal: {fileID: 0}
  m_GameObject: {fileID: 777324276}
  m_LocalRotation: {x: -0, y: -0, z: -0, w: 1}
  m_LocalPosition: {x: 0, y: 0, z: 0}
  m_LocalScale: {x: 1, y: 1, z: 1}
  m_Children: []
  m_Father: {fileID: 1249493928}
  m_RootOrder: 0
  m_LocalEulerAnglesHint: {x: 0, y: 0, z: 0}
  m_AnchorMin: {x: 0.5, y: 0.5}
  m_AnchorMax: {x: 0.5, y: 0.5}
  m_AnchoredPosition: {x: 3, y: 1}
  m_SizeDelta: {x: 423.5, y: 238.4}
  m_Pivot: {x: 0.5, y: 0.5}
--- !u!114 &777324278
MonoBehaviour:
  m_ObjectHideFlags: 0
  m_CorrespondingSourceObject: {fileID: 0}
  m_PrefabInternal: {fileID: 0}
  m_GameObject: {fileID: 777324276}
  m_Enabled: 1
  m_EditorHideFlags: 0
  m_Script: {fileID: 708705254, guid: f70555f144d8491a825f0804e09c671c, type: 3}
  m_Name: 
  m_EditorClassIdentifier: 
  m_Material: {fileID: 0}
  m_Color: {r: 0.05147934, g: 1, b: 0, a: 1}
  m_RaycastTarget: 1
  m_OnCullStateChanged:
    m_PersistentCalls:
      m_Calls: []
    m_TypeName: UnityEngine.UI.MaskableGraphic+CullStateChangedEvent, UnityEngine.UI,
      Version=1.0.0.0, Culture=neutral, PublicKeyToken=null
  m_FontData:
    m_Font: {fileID: 10102, guid: 0000000000000000e000000000000000, type: 0}
    m_FontSize: 40
    m_FontStyle: 1
    m_BestFit: 0
    m_MinSize: 4
    m_MaxSize: 40
    m_Alignment: 4
    m_AlignByGeometry: 0
    m_RichText: 1
    m_HorizontalOverflow: 0
    m_VerticalOverflow: 0
    m_LineSpacing: 1
  m_Text: 'Game Over

    Press "Q" to Quit'
--- !u!222 &777324279
CanvasRenderer:
  m_ObjectHideFlags: 0
  m_CorrespondingSourceObject: {fileID: 0}
  m_PrefabInternal: {fileID: 0}
  m_GameObject: {fileID: 777324276}
  m_CullTransparentMesh: 0
--- !u!4 &786270580 stripped
Transform:
  m_CorrespondingSourceObject: {fileID: 4651927372594120, guid: 66eb4397a1c99dc4d8b4446544df40cb,
    type: 2}
  m_PrefabInternal: {fileID: 196000590}
--- !u!1 &831876153 stripped
GameObject:
  m_CorrespondingSourceObject: {fileID: 1499129492448844, guid: d46595c72a81e6f46b93b37b6a5c910c,
    type: 2}
  m_PrefabInternal: {fileID: 1466876650}
--- !u!4 &831876155 stripped
Transform:
  m_CorrespondingSourceObject: {fileID: 4966019475211664, guid: d46595c72a81e6f46b93b37b6a5c910c,
    type: 2}
  m_PrefabInternal: {fileID: 1466876650}
--- !u!1 &838210532
GameObject:
  m_ObjectHideFlags: 0
  m_CorrespondingSourceObject: {fileID: 0}
  m_PrefabInternal: {fileID: 0}
  serializedVersion: 6
  m_Component:
  - component: {fileID: 838210534}
  - component: {fileID: 838210533}
  m_Layer: 0
  m_Name: 'Audio: Pick Up Life'
  m_TagString: Untagged
  m_Icon: {fileID: 0}
  m_NavMeshLayer: 0
  m_StaticEditorFlags: 0
  m_IsActive: 1
--- !u!82 &838210533
AudioSource:
  m_ObjectHideFlags: 0
  m_CorrespondingSourceObject: {fileID: 0}
  m_PrefabInternal: {fileID: 0}
  m_GameObject: {fileID: 838210532}
  m_Enabled: 1
  serializedVersion: 4
  OutputAudioMixerGroup: {fileID: 0}
  m_audioClip: {fileID: 0}
  m_PlayOnAwake: 0
  m_Volume: 0.4
  m_Pitch: 1
  Loop: 0
  Mute: 0
  Spatialize: 0
  SpatializePostEffects: 0
  Priority: 128
  DopplerLevel: 1
  MinDistance: 1
  MaxDistance: 500
  Pan2D: 0
  rolloffMode: 0
  BypassEffects: 0
  BypassListenerEffects: 0
  BypassReverbZones: 0
  rolloffCustomCurve:
    serializedVersion: 2
    m_Curve:
    - serializedVersion: 3
      time: 0
      value: 1
      inSlope: 0
      outSlope: 0
      tangentMode: 0
      weightedMode: 0
      inWeight: 0.33333334
      outWeight: 0.33333334
    - serializedVersion: 3
      time: 1
      value: 0
      inSlope: 0
      outSlope: 0
      tangentMode: 0
      weightedMode: 0
      inWeight: 0.33333334
      outWeight: 0.33333334
    m_PreInfinity: 2
    m_PostInfinity: 2
    m_RotationOrder: 4
  panLevelCustomCurve:
    serializedVersion: 2
    m_Curve:
    - serializedVersion: 3
      time: 0
      value: 0
      inSlope: 0
      outSlope: 0
      tangentMode: 0
      weightedMode: 0
      inWeight: 0.33333334
      outWeight: 0.33333334
    m_PreInfinity: 2
    m_PostInfinity: 2
    m_RotationOrder: 4
  spreadCustomCurve:
    serializedVersion: 2
    m_Curve:
    - serializedVersion: 3
      time: 0
      value: 0
      inSlope: 0
      outSlope: 0
      tangentMode: 0
      weightedMode: 0
      inWeight: 0.33333334
      outWeight: 0.33333334
    m_PreInfinity: 2
    m_PostInfinity: 2
    m_RotationOrder: 4
  reverbZoneMixCustomCurve:
    serializedVersion: 2
    m_Curve:
    - serializedVersion: 3
      time: 0
      value: 1
      inSlope: 0
      outSlope: 0
      tangentMode: 0
      weightedMode: 0
      inWeight: 0.33333334
      outWeight: 0.33333334
    m_PreInfinity: 2
    m_PostInfinity: 2
    m_RotationOrder: 4
--- !u!4 &838210534
Transform:
  m_ObjectHideFlags: 0
  m_CorrespondingSourceObject: {fileID: 0}
  m_PrefabInternal: {fileID: 0}
  m_GameObject: {fileID: 838210532}
  m_LocalRotation: {x: -0, y: -0, z: -0, w: 1}
  m_LocalPosition: {x: 0, y: 0, z: 0}
  m_LocalScale: {x: 1, y: 1, z: 1}
  m_Children: []
  m_Father: {fileID: 1057227355}
  m_RootOrder: 2
  m_LocalEulerAnglesHint: {x: 0, y: 0, z: 0}
--- !u!1 &850111103
GameObject:
  m_ObjectHideFlags: 0
  m_CorrespondingSourceObject: {fileID: 0}
  m_PrefabInternal: {fileID: 0}
  serializedVersion: 6
  m_Component:
  - component: {fileID: 850111105}
  - component: {fileID: 850111104}
  m_Layer: 0
  m_Name: Background
  m_TagString: Untagged
  m_Icon: {fileID: 0}
  m_NavMeshLayer: 0
  m_StaticEditorFlags: 0
  m_IsActive: 1
--- !u!212 &850111104
SpriteRenderer:
  m_ObjectHideFlags: 0
  m_CorrespondingSourceObject: {fileID: 0}
  m_PrefabInternal: {fileID: 0}
  m_GameObject: {fileID: 850111103}
  m_Enabled: 1
  m_CastShadows: 0
  m_ReceiveShadows: 0
  m_DynamicOccludee: 1
  m_MotionVectors: 1
  m_LightProbeUsage: 1
  m_ReflectionProbeUsage: 1
  m_RenderingLayerMask: 4294967295
  m_Materials:
  - {fileID: 10754, guid: 0000000000000000f000000000000000, type: 0}
  m_StaticBatchInfo:
    firstSubMesh: 0
    subMeshCount: 0
  m_StaticBatchRoot: {fileID: 0}
  m_ProbeAnchor: {fileID: 0}
  m_LightProbeVolumeOverride: {fileID: 0}
  m_ScaleInLightmap: 1
  m_PreserveUVs: 0
  m_IgnoreNormalsForChartDetection: 0
  m_ImportantGI: 0
  m_StitchLightmapSeams: 0
  m_SelectedEditorRenderState: 0
  m_MinimumChartSize: 4
  m_AutoUVMaxDistance: 0.5
  m_AutoUVMaxAngle: 89
  m_LightmapParameters: {fileID: 0}
  m_SortingLayerID: 0
  m_SortingLayer: 0
  m_SortingOrder: -1
  m_Sprite: {fileID: 21300000, guid: 1ab35a086462e1146a8b42330b5e26e8, type: 3}
  m_Color: {r: 1, g: 1, b: 1, a: 1}
  m_FlipX: 0
  m_FlipY: 0
  m_DrawMode: 0
  m_Size: {x: 7, y: 8}
  m_AdaptiveModeThreshold: 0.5
  m_SpriteTileMode: 0
  m_WasSpriteAssigned: 1
  m_MaskInteraction: 0
  m_SpriteSortPoint: 0
--- !u!4 &850111105
Transform:
  m_ObjectHideFlags: 0
  m_CorrespondingSourceObject: {fileID: 0}
  m_PrefabInternal: {fileID: 0}
  m_GameObject: {fileID: 850111103}
  m_LocalRotation: {x: 0, y: 0, z: 0, w: 1}
  m_LocalPosition: {x: 0.05, y: -0.0876261, z: 0}
  m_LocalScale: {x: 3.25, y: 2.5, z: 1}
  m_Children: []
  m_Father: {fileID: 0}
  m_RootOrder: 3
  m_LocalEulerAnglesHint: {x: 0, y: 0, z: 0}
--- !u!1001 &920477319
Prefab:
  m_ObjectHideFlags: 0
  serializedVersion: 2
  m_Modification:
    m_TransformParent: {fileID: 1514568899}
    m_Modifications:
    - target: {fileID: 4376074958664848, guid: 05d153e11aca4f644a3b8ceb00ab45bf, type: 2}
      propertyPath: m_LocalPosition.x
      value: -3.9080386
      objectReference: {fileID: 0}
    - target: {fileID: 4376074958664848, guid: 05d153e11aca4f644a3b8ceb00ab45bf, type: 2}
      propertyPath: m_LocalPosition.y
      value: -0.067875296
      objectReference: {fileID: 0}
    - target: {fileID: 4376074958664848, guid: 05d153e11aca4f644a3b8ceb00ab45bf, type: 2}
      propertyPath: m_LocalPosition.z
      value: 0.05859375
      objectReference: {fileID: 0}
    - target: {fileID: 4376074958664848, guid: 05d153e11aca4f644a3b8ceb00ab45bf, type: 2}
      propertyPath: m_LocalRotation.x
      value: -0
      objectReference: {fileID: 0}
    - target: {fileID: 4376074958664848, guid: 05d153e11aca4f644a3b8ceb00ab45bf, type: 2}
      propertyPath: m_LocalRotation.y
      value: -0
      objectReference: {fileID: 0}
    - target: {fileID: 4376074958664848, guid: 05d153e11aca4f644a3b8ceb00ab45bf, type: 2}
      propertyPath: m_LocalRotation.z
      value: -0
      objectReference: {fileID: 0}
    - target: {fileID: 4376074958664848, guid: 05d153e11aca4f644a3b8ceb00ab45bf, type: 2}
      propertyPath: m_LocalRotation.w
      value: 1
      objectReference: {fileID: 0}
    - target: {fileID: 4376074958664848, guid: 05d153e11aca4f644a3b8ceb00ab45bf, type: 2}
      propertyPath: m_RootOrder
      value: 0
      objectReference: {fileID: 0}
    - target: {fileID: 212083572423518458, guid: 05d153e11aca4f644a3b8ceb00ab45bf,
        type: 2}
      propertyPath: m_Enabled
      value: 0
      objectReference: {fileID: 0}
    m_RemovedComponents: []
  m_SourcePrefab: {fileID: 100100000, guid: 05d153e11aca4f644a3b8ceb00ab45bf, type: 2}
  m_IsPrefabAsset: 0
--- !u!1001 &920554761
Prefab:
  m_ObjectHideFlags: 0
  serializedVersion: 2
  m_Modification:
    m_TransformParent: {fileID: 194090463}
    m_Modifications:
    - target: {fileID: 4966019475211664, guid: d46595c72a81e6f46b93b37b6a5c910c, type: 2}
      propertyPath: m_LocalPosition.x
      value: -12.38
      objectReference: {fileID: 0}
    - target: {fileID: 4966019475211664, guid: d46595c72a81e6f46b93b37b6a5c910c, type: 2}
      propertyPath: m_LocalPosition.y
      value: -3.05
      objectReference: {fileID: 0}
    - target: {fileID: 4966019475211664, guid: d46595c72a81e6f46b93b37b6a5c910c, type: 2}
      propertyPath: m_LocalPosition.z
      value: -0.09254492
      objectReference: {fileID: 0}
    - target: {fileID: 4966019475211664, guid: d46595c72a81e6f46b93b37b6a5c910c, type: 2}
      propertyPath: m_LocalRotation.x
      value: -0
      objectReference: {fileID: 0}
    - target: {fileID: 4966019475211664, guid: d46595c72a81e6f46b93b37b6a5c910c, type: 2}
      propertyPath: m_LocalRotation.y
      value: -0
      objectReference: {fileID: 0}
    - target: {fileID: 4966019475211664, guid: d46595c72a81e6f46b93b37b6a5c910c, type: 2}
      propertyPath: m_LocalRotation.z
      value: -0
      objectReference: {fileID: 0}
    - target: {fileID: 4966019475211664, guid: d46595c72a81e6f46b93b37b6a5c910c, type: 2}
      propertyPath: m_LocalRotation.w
      value: 1
      objectReference: {fileID: 0}
    - target: {fileID: 4966019475211664, guid: d46595c72a81e6f46b93b37b6a5c910c, type: 2}
      propertyPath: m_RootOrder
      value: 7
      objectReference: {fileID: 0}
    - target: {fileID: 4966019475211664, guid: d46595c72a81e6f46b93b37b6a5c910c, type: 2}
      propertyPath: m_LocalScale.x
      value: 3
      objectReference: {fileID: 0}
    - target: {fileID: 4966019475211664, guid: d46595c72a81e6f46b93b37b6a5c910c, type: 2}
      propertyPath: m_LocalScale.y
      value: 3
      objectReference: {fileID: 0}
    - target: {fileID: 212077787155945810, guid: d46595c72a81e6f46b93b37b6a5c910c,
        type: 2}
      propertyPath: m_Color.r
      value: 1
      objectReference: {fileID: 0}
    - target: {fileID: 212077787155945810, guid: d46595c72a81e6f46b93b37b6a5c910c,
        type: 2}
      propertyPath: m_Color.g
      value: 0.13217431
      objectReference: {fileID: 0}
    - target: {fileID: 212077787155945810, guid: d46595c72a81e6f46b93b37b6a5c910c,
        type: 2}
      propertyPath: m_Color.b
      value: 0
      objectReference: {fileID: 0}
    - target: {fileID: 1499129492448844, guid: d46595c72a81e6f46b93b37b6a5c910c, type: 2}
      propertyPath: m_Name
      value: Enemy Spawn Point (7)
      objectReference: {fileID: 0}
    m_RemovedComponents: []
  m_SourcePrefab: {fileID: 100100000, guid: d46595c72a81e6f46b93b37b6a5c910c, type: 2}
  m_IsPrefabAsset: 0
--- !u!4 &970776233 stripped
Transform:
  m_CorrespondingSourceObject: {fileID: 4651927372594120, guid: 66eb4397a1c99dc4d8b4446544df40cb,
    type: 2}
  m_PrefabInternal: {fileID: 1588842051}
--- !u!1 &987871849
GameObject:
  m_ObjectHideFlags: 0
  m_CorrespondingSourceObject: {fileID: 0}
  m_PrefabInternal: {fileID: 0}
  serializedVersion: 6
  m_Component:
  - component: {fileID: 987871850}
  m_Layer: 5
  m_Name: HUD
  m_TagString: Untagged
  m_Icon: {fileID: 0}
  m_NavMeshLayer: 0
  m_StaticEditorFlags: 0
  m_IsActive: 1
--- !u!224 &987871850
RectTransform:
  m_ObjectHideFlags: 0
  m_CorrespondingSourceObject: {fileID: 0}
  m_PrefabInternal: {fileID: 0}
  m_GameObject: {fileID: 987871849}
  m_LocalRotation: {x: 0, y: 0, z: 0, w: 1}
  m_LocalPosition: {x: 0, y: 0, z: 0}
  m_LocalScale: {x: 1, y: 1, z: 1}
  m_Children:
  - {fileID: 767544520}
  - {fileID: 2103830370}
  m_Father: {fileID: 400139719}
  m_RootOrder: 0
  m_LocalEulerAnglesHint: {x: 0, y: 0, z: 0}
  m_AnchorMin: {x: 0.5, y: 0.5}
  m_AnchorMax: {x: 0.5, y: 0.5}
  m_AnchoredPosition: {x: 0, y: 0}
  m_SizeDelta: {x: 100, y: 100}
  m_Pivot: {x: 0.5, y: 0.5}
--- !u!4 &1054705961 stripped
Transform:
  m_CorrespondingSourceObject: {fileID: 4651927372594120, guid: 66eb4397a1c99dc4d8b4446544df40cb,
    type: 2}
  m_PrefabInternal: {fileID: 1842014573}
--- !u!1 &1057227353
GameObject:
  m_ObjectHideFlags: 0
  m_CorrespondingSourceObject: {fileID: 0}
  m_PrefabInternal: {fileID: 0}
  serializedVersion: 6
  m_Component:
  - component: {fileID: 1057227355}
  - component: {fileID: 1057227354}
  m_Layer: 0
  m_Name: GameManager
  m_TagString: Untagged
  m_Icon: {fileID: 0}
  m_NavMeshLayer: 0
  m_StaticEditorFlags: 0
  m_IsActive: 1
--- !u!114 &1057227354
MonoBehaviour:
  m_ObjectHideFlags: 0
  m_CorrespondingSourceObject: {fileID: 0}
  m_PrefabInternal: {fileID: 0}
  m_GameObject: {fileID: 1057227353}
  m_Enabled: 1
  m_EditorHideFlags: 0
  m_Script: {fileID: 11500000, guid: 62f750286df8b934189f8246d6485458, type: 3}
  m_Name: 
  m_EditorClassIdentifier: 
  player: {fileID: 1955648804}
  MAX_LIVES: 3
  playerLives: 0
  score: 0
  explosionPrefab: {fileID: 1460129247540738, guid: 836617d3b5f282d4dbffe63107b45321,
    type: 2}
  MAX_ENEMIES: 3
  activeEnemies: 0
  enemySpwnPts:
  - {fileID: 64574685}
  - {fileID: 654192539}
  - {fileID: 1344494573}
  - {fileID: 602462685}
  - {fileID: 831876153}
  - {fileID: 1162247607}
  - {fileID: 705377891}
  - {fileID: 1787763738}
  enemyList:
  - {fileID: 1659287325318022, guid: 1e308f4deb788634387060b445197860, type: 2}
  - {fileID: 1708675837137984, guid: 5932244ab01b5654baf50ba0ff160e54, type: 2}
  - {fileID: 1676699901490492, guid: e1f8dc2b9418aef40b1d855477d72872, type: 2}
  - {fileID: 1397087821480230, guid: a51271f678092e0478b6ecaf75f5d38c, type: 2}
  - {fileID: 1163216753759248, guid: 3695a574a69264341b65a9634d82e8f0, type: 2}
  - {fileID: 1163216753759248, guid: 3695a574a69264341b65a9634d82e8f0, type: 2}
  activeEnemyList: []
  levelMusic_Source: {fileID: 1658148711}
  levelMuisc_Clip: {fileID: 8300000, guid: ded1600e52a259e4db6369ac176193c3, type: 3}
  lifeLost_Source: {fileID: 153909424}
  lifeLost_Clip: {fileID: 8300000, guid: f30c593b99d83004d9501ae04cce7a2f, type: 3}
  pickupLife_Source: {fileID: 838210533}
  pickupLife_Clip: {fileID: 8300000, guid: fdec51ddaec36224aa55a522c64f4a11, type: 3}
  gameOver_Source: {fileID: 459183379}
  gameOver_Clip: {fileID: 8300000, guid: 0d29ae2697709c34a87f94a0fdeabb4b, type: 3}
  HUD_Text: {fileID: 2103830371}
  GameOverDisplay: {fileID: 1249493927}
--- !u!4 &1057227355
Transform:
  m_ObjectHideFlags: 0
  m_CorrespondingSourceObject: {fileID: 0}
  m_PrefabInternal: {fileID: 0}
  m_GameObject: {fileID: 1057227353}
  m_LocalRotation: {x: 0, y: 0, z: 0, w: 1}
  m_LocalPosition: {x: 0.21427341, y: 0.12571721, z: -19.90625}
  m_LocalScale: {x: 1, y: 1, z: 1}
  m_Children:
  - {fileID: 1658148712}
  - {fileID: 153909423}
  - {fileID: 838210534}
  - {fileID: 459183378}
  m_Father: {fileID: 0}
  m_RootOrder: 2
  m_LocalEulerAnglesHint: {x: 0, y: 0, z: 0}
--- !u!1001 &1107666169
Prefab:
  m_ObjectHideFlags: 0
  serializedVersion: 2
  m_Modification:
    m_TransformParent: {fileID: 194090463}
    m_Modifications:
    - target: {fileID: 4966019475211664, guid: d46595c72a81e6f46b93b37b6a5c910c, type: 2}
      propertyPath: m_LocalPosition.x
      value: 5.04
      objectReference: {fileID: 0}
    - target: {fileID: 4966019475211664, guid: d46595c72a81e6f46b93b37b6a5c910c, type: 2}
      propertyPath: m_LocalPosition.y
      value: 7.54
      objectReference: {fileID: 0}
    - target: {fileID: 4966019475211664, guid: d46595c72a81e6f46b93b37b6a5c910c, type: 2}
      propertyPath: m_LocalPosition.z
      value: -0.09254492
      objectReference: {fileID: 0}
    - target: {fileID: 4966019475211664, guid: d46595c72a81e6f46b93b37b6a5c910c, type: 2}
      propertyPath: m_LocalRotation.x
      value: -0
      objectReference: {fileID: 0}
    - target: {fileID: 4966019475211664, guid: d46595c72a81e6f46b93b37b6a5c910c, type: 2}
      propertyPath: m_LocalRotation.y
      value: -0
      objectReference: {fileID: 0}
    - target: {fileID: 4966019475211664, guid: d46595c72a81e6f46b93b37b6a5c910c, type: 2}
      propertyPath: m_LocalRotation.z
      value: -0
      objectReference: {fileID: 0}
    - target: {fileID: 4966019475211664, guid: d46595c72a81e6f46b93b37b6a5c910c, type: 2}
      propertyPath: m_LocalRotation.w
      value: 1
      objectReference: {fileID: 0}
    - target: {fileID: 4966019475211664, guid: d46595c72a81e6f46b93b37b6a5c910c, type: 2}
      propertyPath: m_RootOrder
      value: 2
      objectReference: {fileID: 0}
    - target: {fileID: 4966019475211664, guid: d46595c72a81e6f46b93b37b6a5c910c, type: 2}
      propertyPath: m_LocalScale.x
      value: 3
      objectReference: {fileID: 0}
    - target: {fileID: 4966019475211664, guid: d46595c72a81e6f46b93b37b6a5c910c, type: 2}
      propertyPath: m_LocalScale.y
      value: 3
      objectReference: {fileID: 0}
    - target: {fileID: 212077787155945810, guid: d46595c72a81e6f46b93b37b6a5c910c,
        type: 2}
      propertyPath: m_Color.r
      value: 1
      objectReference: {fileID: 0}
    - target: {fileID: 212077787155945810, guid: d46595c72a81e6f46b93b37b6a5c910c,
        type: 2}
      propertyPath: m_Color.g
      value: 0.13217431
      objectReference: {fileID: 0}
    - target: {fileID: 212077787155945810, guid: d46595c72a81e6f46b93b37b6a5c910c,
        type: 2}
      propertyPath: m_Color.b
      value: 0
      objectReference: {fileID: 0}
    - target: {fileID: 1499129492448844, guid: d46595c72a81e6f46b93b37b6a5c910c, type: 2}
      propertyPath: m_Name
      value: Enemy Spawn Point (2)
      objectReference: {fileID: 0}
    m_RemovedComponents: []
  m_SourcePrefab: {fileID: 100100000, guid: d46595c72a81e6f46b93b37b6a5c910c, type: 2}
  m_IsPrefabAsset: 0
--- !u!1001 &1155687764
Prefab:
  m_ObjectHideFlags: 0
  serializedVersion: 2
  m_Modification:
    m_TransformParent: {fileID: 194090463}
    m_Modifications:
    - target: {fileID: 4966019475211664, guid: d46595c72a81e6f46b93b37b6a5c910c, type: 2}
      propertyPath: m_LocalPosition.x
      value: 14.43
      objectReference: {fileID: 0}
    - target: {fileID: 4966019475211664, guid: d46595c72a81e6f46b93b37b6a5c910c, type: 2}
      propertyPath: m_LocalPosition.y
      value: -3.49
      objectReference: {fileID: 0}
    - target: {fileID: 4966019475211664, guid: d46595c72a81e6f46b93b37b6a5c910c, type: 2}
      propertyPath: m_LocalPosition.z
      value: -0.09254492
      objectReference: {fileID: 0}
    - target: {fileID: 4966019475211664, guid: d46595c72a81e6f46b93b37b6a5c910c, type: 2}
      propertyPath: m_LocalRotation.x
      value: -0
      objectReference: {fileID: 0}
    - target: {fileID: 4966019475211664, guid: d46595c72a81e6f46b93b37b6a5c910c, type: 2}
      propertyPath: m_LocalRotation.y
      value: -0
      objectReference: {fileID: 0}
    - target: {fileID: 4966019475211664, guid: d46595c72a81e6f46b93b37b6a5c910c, type: 2}
      propertyPath: m_LocalRotation.z
      value: -0
      objectReference: {fileID: 0}
    - target: {fileID: 4966019475211664, guid: d46595c72a81e6f46b93b37b6a5c910c, type: 2}
      propertyPath: m_LocalRotation.w
      value: 1
      objectReference: {fileID: 0}
    - target: {fileID: 4966019475211664, guid: d46595c72a81e6f46b93b37b6a5c910c, type: 2}
      propertyPath: m_RootOrder
      value: 6
      objectReference: {fileID: 0}
    - target: {fileID: 4966019475211664, guid: d46595c72a81e6f46b93b37b6a5c910c, type: 2}
      propertyPath: m_LocalScale.x
      value: 3
      objectReference: {fileID: 0}
    - target: {fileID: 4966019475211664, guid: d46595c72a81e6f46b93b37b6a5c910c, type: 2}
      propertyPath: m_LocalScale.y
      value: 3
      objectReference: {fileID: 0}
    - target: {fileID: 212077787155945810, guid: d46595c72a81e6f46b93b37b6a5c910c,
        type: 2}
      propertyPath: m_Color.r
      value: 1
      objectReference: {fileID: 0}
    - target: {fileID: 212077787155945810, guid: d46595c72a81e6f46b93b37b6a5c910c,
        type: 2}
      propertyPath: m_Color.g
      value: 0.13217431
      objectReference: {fileID: 0}
    - target: {fileID: 212077787155945810, guid: d46595c72a81e6f46b93b37b6a5c910c,
        type: 2}
      propertyPath: m_Color.b
      value: 0
      objectReference: {fileID: 0}
    - target: {fileID: 1499129492448844, guid: d46595c72a81e6f46b93b37b6a5c910c, type: 2}
      propertyPath: m_Name
      value: Enemy Spawn Point (6)
      objectReference: {fileID: 0}
    m_RemovedComponents: []
  m_SourcePrefab: {fileID: 100100000, guid: d46595c72a81e6f46b93b37b6a5c910c, type: 2}
  m_IsPrefabAsset: 0
--- !u!1 &1162247607 stripped
GameObject:
  m_CorrespondingSourceObject: {fileID: 1499129492448844, guid: d46595c72a81e6f46b93b37b6a5c910c,
    type: 2}
  m_PrefabInternal: {fileID: 529713448}
--- !u!4 &1162247609 stripped
Transform:
  m_CorrespondingSourceObject: {fileID: 4966019475211664, guid: d46595c72a81e6f46b93b37b6a5c910c,
    type: 2}
  m_PrefabInternal: {fileID: 529713448}
--- !u!1 &1249493927
GameObject:
  m_ObjectHideFlags: 0
  m_CorrespondingSourceObject: {fileID: 0}
  m_PrefabInternal: {fileID: 0}
  serializedVersion: 6
  m_Component:
  - component: {fileID: 1249493928}
  m_Layer: 5
  m_Name: GameOver
  m_TagString: Untagged
  m_Icon: {fileID: 0}
  m_NavMeshLayer: 0
  m_StaticEditorFlags: 0
  m_IsActive: 0
--- !u!224 &1249493928
RectTransform:
  m_ObjectHideFlags: 0
  m_CorrespondingSourceObject: {fileID: 0}
  m_PrefabInternal: {fileID: 0}
  m_GameObject: {fileID: 1249493927}
  m_LocalRotation: {x: 0, y: 0, z: 0, w: 1}
  m_LocalPosition: {x: 0, y: 0, z: 0}
  m_LocalScale: {x: 1, y: 1, z: 1}
  m_Children:
  - {fileID: 777324277}
  - {fileID: 2090842415}
  m_Father: {fileID: 400139719}
  m_RootOrder: 1
  m_LocalEulerAnglesHint: {x: 0, y: 0, z: 0}
  m_AnchorMin: {x: 0.5, y: 0.5}
  m_AnchorMax: {x: 0.5, y: 0.5}
  m_AnchoredPosition: {x: 0, y: 0}
  m_SizeDelta: {x: 100, y: 100}
  m_Pivot: {x: 0.5, y: 0.5}
--- !u!1001 &1272446488
Prefab:
  m_ObjectHideFlags: 0
  serializedVersion: 2
  m_Modification:
    m_TransformParent: {fileID: 194090463}
    m_Modifications:
    - target: {fileID: 4966019475211664, guid: d46595c72a81e6f46b93b37b6a5c910c, type: 2}
      propertyPath: m_LocalPosition.x
      value: -4.33
      objectReference: {fileID: 0}
    - target: {fileID: 4966019475211664, guid: d46595c72a81e6f46b93b37b6a5c910c, type: 2}
      propertyPath: m_LocalPosition.y
      value: 7.51
      objectReference: {fileID: 0}
    - target: {fileID: 4966019475211664, guid: d46595c72a81e6f46b93b37b6a5c910c, type: 2}
      propertyPath: m_LocalPosition.z
      value: -0.09254492
      objectReference: {fileID: 0}
    - target: {fileID: 4966019475211664, guid: d46595c72a81e6f46b93b37b6a5c910c, type: 2}
      propertyPath: m_LocalRotation.x
      value: -0
      objectReference: {fileID: 0}
    - target: {fileID: 4966019475211664, guid: d46595c72a81e6f46b93b37b6a5c910c, type: 2}
      propertyPath: m_LocalRotation.y
      value: -0
      objectReference: {fileID: 0}
    - target: {fileID: 4966019475211664, guid: d46595c72a81e6f46b93b37b6a5c910c, type: 2}
      propertyPath: m_LocalRotation.z
      value: -0
      objectReference: {fileID: 0}
    - target: {fileID: 4966019475211664, guid: d46595c72a81e6f46b93b37b6a5c910c, type: 2}
      propertyPath: m_LocalRotation.w
      value: 1
      objectReference: {fileID: 0}
    - target: {fileID: 4966019475211664, guid: d46595c72a81e6f46b93b37b6a5c910c, type: 2}
      propertyPath: m_RootOrder
      value: 1
      objectReference: {fileID: 0}
    - target: {fileID: 4966019475211664, guid: d46595c72a81e6f46b93b37b6a5c910c, type: 2}
      propertyPath: m_LocalScale.x
      value: 3
      objectReference: {fileID: 0}
    - target: {fileID: 4966019475211664, guid: d46595c72a81e6f46b93b37b6a5c910c, type: 2}
      propertyPath: m_LocalScale.y
      value: 3
      objectReference: {fileID: 0}
    - target: {fileID: 212077787155945810, guid: d46595c72a81e6f46b93b37b6a5c910c,
        type: 2}
      propertyPath: m_Color.r
      value: 1
      objectReference: {fileID: 0}
    - target: {fileID: 212077787155945810, guid: d46595c72a81e6f46b93b37b6a5c910c,
        type: 2}
      propertyPath: m_Color.g
      value: 0.13217431
      objectReference: {fileID: 0}
    - target: {fileID: 212077787155945810, guid: d46595c72a81e6f46b93b37b6a5c910c,
        type: 2}
      propertyPath: m_Color.b
      value: 0
      objectReference: {fileID: 0}
    - target: {fileID: 1499129492448844, guid: d46595c72a81e6f46b93b37b6a5c910c, type: 2}
      propertyPath: m_Name
      value: Enemy Spawn Point (1)
      objectReference: {fileID: 0}
    m_RemovedComponents: []
  m_SourcePrefab: {fileID: 100100000, guid: d46595c72a81e6f46b93b37b6a5c910c, type: 2}
  m_IsPrefabAsset: 0
--- !u!1 &1344494573 stripped
GameObject:
  m_CorrespondingSourceObject: {fileID: 1499129492448844, guid: d46595c72a81e6f46b93b37b6a5c910c,
    type: 2}
  m_PrefabInternal: {fileID: 1107666169}
--- !u!4 &1344494575 stripped
Transform:
  m_CorrespondingSourceObject: {fileID: 4966019475211664, guid: d46595c72a81e6f46b93b37b6a5c910c,
    type: 2}
  m_PrefabInternal: {fileID: 1107666169}
--- !u!1001 &1466876650
Prefab:
  m_ObjectHideFlags: 0
  serializedVersion: 2
  m_Modification:
    m_TransformParent: {fileID: 194090463}
    m_Modifications:
    - target: {fileID: 4966019475211664, guid: d46595c72a81e6f46b93b37b6a5c910c, type: 2}
      propertyPath: m_LocalPosition.x
      value: 6.26
      objectReference: {fileID: 0}
    - target: {fileID: 4966019475211664, guid: d46595c72a81e6f46b93b37b6a5c910c, type: 2}
      propertyPath: m_LocalPosition.y
      value: -8.24
      objectReference: {fileID: 0}
    - target: {fileID: 4966019475211664, guid: d46595c72a81e6f46b93b37b6a5c910c, type: 2}
      propertyPath: m_LocalPosition.z
      value: -0.09254492
      objectReference: {fileID: 0}
    - target: {fileID: 4966019475211664, guid: d46595c72a81e6f46b93b37b6a5c910c, type: 2}
      propertyPath: m_LocalRotation.x
      value: -0
      objectReference: {fileID: 0}
    - target: {fileID: 4966019475211664, guid: d46595c72a81e6f46b93b37b6a5c910c, type: 2}
      propertyPath: m_LocalRotation.y
      value: -0
      objectReference: {fileID: 0}
    - target: {fileID: 4966019475211664, guid: d46595c72a81e6f46b93b37b6a5c910c, type: 2}
      propertyPath: m_LocalRotation.z
      value: -0
      objectReference: {fileID: 0}
    - target: {fileID: 4966019475211664, guid: d46595c72a81e6f46b93b37b6a5c910c, type: 2}
      propertyPath: m_LocalRotation.w
      value: 1
      objectReference: {fileID: 0}
    - target: {fileID: 4966019475211664, guid: d46595c72a81e6f46b93b37b6a5c910c, type: 2}
      propertyPath: m_RootOrder
      value: 4
      objectReference: {fileID: 0}
    - target: {fileID: 4966019475211664, guid: d46595c72a81e6f46b93b37b6a5c910c, type: 2}
      propertyPath: m_LocalScale.x
      value: 3
      objectReference: {fileID: 0}
    - target: {fileID: 4966019475211664, guid: d46595c72a81e6f46b93b37b6a5c910c, type: 2}
      propertyPath: m_LocalScale.y
      value: 3
      objectReference: {fileID: 0}
    - target: {fileID: 212077787155945810, guid: d46595c72a81e6f46b93b37b6a5c910c,
        type: 2}
      propertyPath: m_Color.r
      value: 1
      objectReference: {fileID: 0}
    - target: {fileID: 212077787155945810, guid: d46595c72a81e6f46b93b37b6a5c910c,
        type: 2}
      propertyPath: m_Color.g
      value: 0.13217431
      objectReference: {fileID: 0}
    - target: {fileID: 212077787155945810, guid: d46595c72a81e6f46b93b37b6a5c910c,
        type: 2}
      propertyPath: m_Color.b
      value: 0
      objectReference: {fileID: 0}
    - target: {fileID: 1499129492448844, guid: d46595c72a81e6f46b93b37b6a5c910c, type: 2}
      propertyPath: m_Name
      value: Enemy Spawn Point (4)
      objectReference: {fileID: 0}
    m_RemovedComponents: []
  m_SourcePrefab: {fileID: 100100000, guid: d46595c72a81e6f46b93b37b6a5c910c, type: 2}
  m_IsPrefabAsset: 0
--- !u!1 &1514568898
GameObject:
  m_ObjectHideFlags: 0
  m_CorrespondingSourceObject: {fileID: 0}
  m_PrefabInternal: {fileID: 0}
  serializedVersion: 6
  m_Component:
  - component: {fileID: 1514568899}
  m_Layer: 0
  m_Name: Pickup_Spawners
  m_TagString: Untagged
  m_Icon: {fileID: 0}
  m_NavMeshLayer: 0
  m_StaticEditorFlags: 0
  m_IsActive: 1
--- !u!4 &1514568899
Transform:
  m_ObjectHideFlags: 0
  m_CorrespondingSourceObject: {fileID: 0}
  m_PrefabInternal: {fileID: 0}
  m_GameObject: {fileID: 1514568898}
  m_LocalRotation: {x: 0, y: 0, z: 0, w: 1}
  m_LocalPosition: {x: -0.22196142, y: -0.3021247, z: -0.05859375}
  m_LocalScale: {x: 1, y: 1, z: 1}
  m_Children:
  - {fileID: 546356967}
  - {fileID: 146381223}
  m_Father: {fileID: 0}
  m_RootOrder: 6
  m_LocalEulerAnglesHint: {x: 0, y: 0, z: 0}
--- !u!1001 &1588842051
Prefab:
  m_ObjectHideFlags: 0
  serializedVersion: 2
  m_Modification:
    m_TransformParent: {fileID: 52823957}
    m_Modifications:
    - target: {fileID: 4651927372594120, guid: 66eb4397a1c99dc4d8b4446544df40cb, type: 2}
      propertyPath: m_LocalPosition.x
      value: -8.5
      objectReference: {fileID: 0}
    - target: {fileID: 4651927372594120, guid: 66eb4397a1c99dc4d8b4446544df40cb, type: 2}
      propertyPath: m_LocalPosition.y
      value: 0
      objectReference: {fileID: 0}
    - target: {fileID: 4651927372594120, guid: 66eb4397a1c99dc4d8b4446544df40cb, type: 2}
      propertyPath: m_LocalPosition.z
      value: 0
      objectReference: {fileID: 0}
    - target: {fileID: 4651927372594120, guid: 66eb4397a1c99dc4d8b4446544df40cb, type: 2}
      propertyPath: m_LocalRotation.x
      value: -0
      objectReference: {fileID: 0}
    - target: {fileID: 4651927372594120, guid: 66eb4397a1c99dc4d8b4446544df40cb, type: 2}
      propertyPath: m_LocalRotation.y
      value: -0
      objectReference: {fileID: 0}
    - target: {fileID: 4651927372594120, guid: 66eb4397a1c99dc4d8b4446544df40cb, type: 2}
      propertyPath: m_LocalRotation.z
      value: -0
      objectReference: {fileID: 0}
    - target: {fileID: 4651927372594120, guid: 66eb4397a1c99dc4d8b4446544df40cb, type: 2}
      propertyPath: m_LocalRotation.w
      value: 1
      objectReference: {fileID: 0}
    - target: {fileID: 4651927372594120, guid: 66eb4397a1c99dc4d8b4446544df40cb, type: 2}
      propertyPath: m_RootOrder
      value: 1
      objectReference: {fileID: 0}
    - target: {fileID: 1599163388601270, guid: 66eb4397a1c99dc4d8b4446544df40cb, type: 2}
      propertyPath: m_Name
      value: Laser_West
      objectReference: {fileID: 0}
    - target: {fileID: 1599163388601270, guid: 66eb4397a1c99dc4d8b4446544df40cb, type: 2}
      propertyPath: m_IsActive
      value: 1
      objectReference: {fileID: 0}
    - target: {fileID: 4651927372594120, guid: 66eb4397a1c99dc4d8b4446544df40cb, type: 2}
      propertyPath: m_LocalScale.x
      value: 0.2
      objectReference: {fileID: 0}
    - target: {fileID: 1599163388601270, guid: 66eb4397a1c99dc4d8b4446544df40cb, type: 2}
      propertyPath: m_TagString
      value: Laser
      objectReference: {fileID: 0}
    m_RemovedComponents: []
  m_SourcePrefab: {fileID: 100100000, guid: 66eb4397a1c99dc4d8b4446544df40cb, type: 2}
  m_IsPrefabAsset: 0
--- !u!1 &1658148710
GameObject:
  m_ObjectHideFlags: 0
  m_CorrespondingSourceObject: {fileID: 0}
  m_PrefabInternal: {fileID: 0}
  serializedVersion: 6
  m_Component:
  - component: {fileID: 1658148712}
  - component: {fileID: 1658148711}
  m_Layer: 0
  m_Name: 'Audio: Level Music'
  m_TagString: Untagged
  m_Icon: {fileID: 0}
  m_NavMeshLayer: 0
  m_StaticEditorFlags: 0
  m_IsActive: 1
--- !u!82 &1658148711
AudioSource:
  m_ObjectHideFlags: 0
  m_CorrespondingSourceObject: {fileID: 0}
  m_PrefabInternal: {fileID: 0}
  m_GameObject: {fileID: 1658148710}
  m_Enabled: 1
  serializedVersion: 4
  OutputAudioMixerGroup: {fileID: 0}
  m_audioClip: {fileID: 0}
  m_PlayOnAwake: 0
  m_Volume: 0.4
  m_Pitch: 1
  Loop: 1
  Mute: 0
  Spatialize: 0
  SpatializePostEffects: 0
  Priority: 128
  DopplerLevel: 1
  MinDistance: 1
  MaxDistance: 500
  Pan2D: 0
  rolloffMode: 0
  BypassEffects: 0
  BypassListenerEffects: 0
  BypassReverbZones: 0
  rolloffCustomCurve:
    serializedVersion: 2
    m_Curve:
    - serializedVersion: 3
      time: 0
      value: 1
      inSlope: 0
      outSlope: 0
      tangentMode: 0
      weightedMode: 0
      inWeight: 0.33333334
      outWeight: 0.33333334
    - serializedVersion: 3
      time: 1
      value: 0
      inSlope: 0
      outSlope: 0
      tangentMode: 0
      weightedMode: 0
      inWeight: 0.33333334
      outWeight: 0.33333334
    m_PreInfinity: 2
    m_PostInfinity: 2
    m_RotationOrder: 4
  panLevelCustomCurve:
    serializedVersion: 2
    m_Curve:
    - serializedVersion: 3
      time: 0
      value: 0
      inSlope: 0
      outSlope: 0
      tangentMode: 0
      weightedMode: 0
      inWeight: 0.33333334
      outWeight: 0.33333334
    m_PreInfinity: 2
    m_PostInfinity: 2
    m_RotationOrder: 4
  spreadCustomCurve:
    serializedVersion: 2
    m_Curve:
    - serializedVersion: 3
      time: 0
      value: 0
      inSlope: 0
      outSlope: 0
      tangentMode: 0
      weightedMode: 0
      inWeight: 0.33333334
      outWeight: 0.33333334
    m_PreInfinity: 2
    m_PostInfinity: 2
    m_RotationOrder: 4
  reverbZoneMixCustomCurve:
    serializedVersion: 2
    m_Curve:
    - serializedVersion: 3
      time: 0
      value: 1
      inSlope: 0
      outSlope: 0
      tangentMode: 0
      weightedMode: 0
      inWeight: 0.33333334
      outWeight: 0.33333334
    m_PreInfinity: 2
    m_PostInfinity: 2
    m_RotationOrder: 4
--- !u!4 &1658148712
Transform:
  m_ObjectHideFlags: 0
  m_CorrespondingSourceObject: {fileID: 0}
  m_PrefabInternal: {fileID: 0}
  m_GameObject: {fileID: 1658148710}
  m_LocalRotation: {x: 0, y: 0, z: 0, w: 1}
  m_LocalPosition: {x: 0, y: 0, z: 0}
  m_LocalScale: {x: 1, y: 1, z: 1}
  m_Children: []
  m_Father: {fileID: 1057227355}
  m_RootOrder: 0
  m_LocalEulerAnglesHint: {x: 0, y: 0, z: 0}
--- !u!1 &1755770790
GameObject:
  m_ObjectHideFlags: 0
  m_CorrespondingSourceObject: {fileID: 0}
  m_PrefabInternal: {fileID: 0}
  serializedVersion: 6
  m_Component:
  - component: {fileID: 1755770793}
  - component: {fileID: 1755770792}
  - component: {fileID: 1755770791}
  m_Layer: 0
  m_Name: EventSystem
  m_TagString: Untagged
  m_Icon: {fileID: 0}
  m_NavMeshLayer: 0
  m_StaticEditorFlags: 0
  m_IsActive: 1
--- !u!114 &1755770791
MonoBehaviour:
  m_ObjectHideFlags: 0
  m_CorrespondingSourceObject: {fileID: 0}
  m_PrefabInternal: {fileID: 0}
  m_GameObject: {fileID: 1755770790}
  m_Enabled: 0
  m_EditorHideFlags: 0
  m_Script: {fileID: 1077351063, guid: f70555f144d8491a825f0804e09c671c, type: 3}
  m_Name: 
  m_EditorClassIdentifier: 
  m_HorizontalAxis: Horizontal
  m_VerticalAxis: Vertical
  m_SubmitButton: Submit
  m_CancelButton: Cancel
  m_InputActionsPerSecond: 10
  m_RepeatDelay: 0.5
  m_ForceModuleActive: 0
--- !u!114 &1755770792
MonoBehaviour:
  m_ObjectHideFlags: 0
  m_CorrespondingSourceObject: {fileID: 0}
  m_PrefabInternal: {fileID: 0}
  m_GameObject: {fileID: 1755770790}
  m_Enabled: 1
  m_EditorHideFlags: 0
  m_Script: {fileID: -619905303, guid: f70555f144d8491a825f0804e09c671c, type: 3}
  m_Name: 
  m_EditorClassIdentifier: 
  m_FirstSelected: {fileID: 0}
  m_sendNavigationEvents: 1
  m_DragThreshold: 10
--- !u!4 &1755770793
Transform:
  m_ObjectHideFlags: 0
  m_CorrespondingSourceObject: {fileID: 0}
  m_PrefabInternal: {fileID: 0}
  m_GameObject: {fileID: 1755770790}
  m_LocalRotation: {x: 0, y: 0, z: 0, w: 1}
  m_LocalPosition: {x: 0, y: 0, z: 0}
  m_LocalScale: {x: 1, y: 1, z: 1}
  m_Children: []
  m_Father: {fileID: 0}
  m_RootOrder: 8
  m_LocalEulerAnglesHint: {x: 0, y: 0, z: 0}
--- !u!1 &1787763738 stripped
GameObject:
  m_CorrespondingSourceObject: {fileID: 1499129492448844, guid: d46595c72a81e6f46b93b37b6a5c910c,
    type: 2}
  m_PrefabInternal: {fileID: 920554761}
--- !u!4 &1787763740 stripped
Transform:
  m_CorrespondingSourceObject: {fileID: 4966019475211664, guid: d46595c72a81e6f46b93b37b6a5c910c,
    type: 2}
  m_PrefabInternal: {fileID: 920554761}
--- !u!1001 &1842014573
Prefab:
  m_ObjectHideFlags: 0
  serializedVersion: 2
  m_Modification:
    m_TransformParent: {fileID: 52823957}
    m_Modifications:
    - target: {fileID: 4651927372594120, guid: 66eb4397a1c99dc4d8b4446544df40cb, type: 2}
      propertyPath: m_LocalPosition.x
      value: 0.32
      objectReference: {fileID: 0}
    - target: {fileID: 4651927372594120, guid: 66eb4397a1c99dc4d8b4446544df40cb, type: 2}
      propertyPath: m_LocalPosition.y
      value: -4.75
      objectReference: {fileID: 0}
    - target: {fileID: 4651927372594120, guid: 66eb4397a1c99dc4d8b4446544df40cb, type: 2}
      propertyPath: m_LocalPosition.z
      value: 0
      objectReference: {fileID: 0}
    - target: {fileID: 4651927372594120, guid: 66eb4397a1c99dc4d8b4446544df40cb, type: 2}
      propertyPath: m_LocalRotation.x
      value: -0
      objectReference: {fileID: 0}
    - target: {fileID: 4651927372594120, guid: 66eb4397a1c99dc4d8b4446544df40cb, type: 2}
      propertyPath: m_LocalRotation.y
      value: -0
      objectReference: {fileID: 0}
    - target: {fileID: 4651927372594120, guid: 66eb4397a1c99dc4d8b4446544df40cb, type: 2}
      propertyPath: m_LocalRotation.z
      value: 0.7071068
      objectReference: {fileID: 0}
    - target: {fileID: 4651927372594120, guid: 66eb4397a1c99dc4d8b4446544df40cb, type: 2}
      propertyPath: m_LocalRotation.w
      value: 0.7071068
      objectReference: {fileID: 0}
    - target: {fileID: 4651927372594120, guid: 66eb4397a1c99dc4d8b4446544df40cb, type: 2}
      propertyPath: m_RootOrder
      value: 3
      objectReference: {fileID: 0}
    - target: {fileID: 1599163388601270, guid: 66eb4397a1c99dc4d8b4446544df40cb, type: 2}
      propertyPath: m_Name
      value: Laser_South
      objectReference: {fileID: 0}
    - target: {fileID: 4651927372594120, guid: 66eb4397a1c99dc4d8b4446544df40cb, type: 2}
      propertyPath: m_LocalScale.x
      value: 0.20000012
      objectReference: {fileID: 0}
    - target: {fileID: 4651927372594120, guid: 66eb4397a1c99dc4d8b4446544df40cb, type: 2}
      propertyPath: m_LocalScale.y
      value: 2
      objectReference: {fileID: 0}
    - target: {fileID: 1599163388601270, guid: 66eb4397a1c99dc4d8b4446544df40cb, type: 2}
      propertyPath: m_TagString
      value: Laser
      objectReference: {fileID: 0}
    m_RemovedComponents: []
  m_SourcePrefab: {fileID: 100100000, guid: 66eb4397a1c99dc4d8b4446544df40cb, type: 2}
  m_IsPrefabAsset: 0
--- !u!1001 &1907170231
Prefab:
  m_ObjectHideFlags: 0
  serializedVersion: 2
  m_Modification:
    m_TransformParent: {fileID: 52823957}
    m_Modifications:
    - target: {fileID: 4651927372594120, guid: 66eb4397a1c99dc4d8b4446544df40cb, type: 2}
      propertyPath: m_LocalPosition.x
      value: 8.5
      objectReference: {fileID: 0}
    - target: {fileID: 4651927372594120, guid: 66eb4397a1c99dc4d8b4446544df40cb, type: 2}
      propertyPath: m_LocalPosition.y
      value: 0
      objectReference: {fileID: 0}
    - target: {fileID: 4651927372594120, guid: 66eb4397a1c99dc4d8b4446544df40cb, type: 2}
      propertyPath: m_LocalPosition.z
      value: 0
      objectReference: {fileID: 0}
    - target: {fileID: 4651927372594120, guid: 66eb4397a1c99dc4d8b4446544df40cb, type: 2}
      propertyPath: m_LocalRotation.x
      value: -0
      objectReference: {fileID: 0}
    - target: {fileID: 4651927372594120, guid: 66eb4397a1c99dc4d8b4446544df40cb, type: 2}
      propertyPath: m_LocalRotation.y
      value: -0
      objectReference: {fileID: 0}
    - target: {fileID: 4651927372594120, guid: 66eb4397a1c99dc4d8b4446544df40cb, type: 2}
      propertyPath: m_LocalRotation.z
      value: -0
      objectReference: {fileID: 0}
    - target: {fileID: 4651927372594120, guid: 66eb4397a1c99dc4d8b4446544df40cb, type: 2}
      propertyPath: m_LocalRotation.w
      value: 1
      objectReference: {fileID: 0}
    - target: {fileID: 4651927372594120, guid: 66eb4397a1c99dc4d8b4446544df40cb, type: 2}
      propertyPath: m_RootOrder
      value: 0
      objectReference: {fileID: 0}
    - target: {fileID: 1599163388601270, guid: 66eb4397a1c99dc4d8b4446544df40cb, type: 2}
      propertyPath: m_IsActive
      value: 1
      objectReference: {fileID: 0}
    - target: {fileID: 1599163388601270, guid: 66eb4397a1c99dc4d8b4446544df40cb, type: 2}
      propertyPath: m_Name
      value: Laser_East
      objectReference: {fileID: 0}
    - target: {fileID: 4651927372594120, guid: 66eb4397a1c99dc4d8b4446544df40cb, type: 2}
      propertyPath: m_LocalScale.x
      value: 0.2
      objectReference: {fileID: 0}
    - target: {fileID: 1599163388601270, guid: 66eb4397a1c99dc4d8b4446544df40cb, type: 2}
      propertyPath: m_TagString
      value: Laser
      objectReference: {fileID: 0}
    m_RemovedComponents: []
  m_SourcePrefab: {fileID: 100100000, guid: 66eb4397a1c99dc4d8b4446544df40cb, type: 2}
  m_IsPrefabAsset: 0
--- !u!1 &1955648804 stripped
GameObject:
  m_CorrespondingSourceObject: {fileID: 1832728989434770, guid: 4b065986d11497f4daee4bf762028a90,
    type: 2}
  m_PrefabInternal: {fileID: 211596271}
--- !u!1 &2090842414
GameObject:
  m_ObjectHideFlags: 0
  m_CorrespondingSourceObject: {fileID: 0}
  m_PrefabInternal: {fileID: 0}
  serializedVersion: 6
  m_Component:
  - component: {fileID: 2090842415}
  - component: {fileID: 2090842417}
  - component: {fileID: 2090842416}
  m_Layer: 5
  m_Name: GameOver_Background
  m_TagString: Untagged
  m_Icon: {fileID: 0}
  m_NavMeshLayer: 0
  m_StaticEditorFlags: 0
  m_IsActive: 1
--- !u!224 &2090842415
RectTransform:
  m_ObjectHideFlags: 0
  m_CorrespondingSourceObject: {fileID: 0}
  m_PrefabInternal: {fileID: 0}
  m_GameObject: {fileID: 2090842414}
  m_LocalRotation: {x: -0, y: -0, z: -0, w: 1}
  m_LocalPosition: {x: 0, y: 0, z: 0}
  m_LocalScale: {x: 1, y: 1, z: 1}
  m_Children: []
  m_Father: {fileID: 1249493928}
  m_RootOrder: 1
  m_LocalEulerAnglesHint: {x: 0, y: 0, z: 0}
  m_AnchorMin: {x: 0.5, y: 0.5}
  m_AnchorMax: {x: 0.5, y: 0.5}
  m_AnchoredPosition: {x: -2, y: -7}
  m_SizeDelta: {x: 562.30005, y: 215.3}
  m_Pivot: {x: 0.5, y: 0.5}
--- !u!114 &2090842416
MonoBehaviour:
  m_ObjectHideFlags: 0
  m_CorrespondingSourceObject: {fileID: 0}
  m_PrefabInternal: {fileID: 0}
  m_GameObject: {fileID: 2090842414}
  m_Enabled: 1
  m_EditorHideFlags: 0
  m_Script: {fileID: -765806418, guid: f70555f144d8491a825f0804e09c671c, type: 3}
  m_Name: 
  m_EditorClassIdentifier: 
  m_Material: {fileID: 0}
  m_Color: {r: 0, g: 0, b: 0, a: 0.3019608}
  m_RaycastTarget: 1
  m_OnCullStateChanged:
    m_PersistentCalls:
      m_Calls: []
    m_TypeName: UnityEngine.UI.MaskableGraphic+CullStateChangedEvent, UnityEngine.UI,
      Version=1.0.0.0, Culture=neutral, PublicKeyToken=null
  m_Sprite: {fileID: 10905, guid: 0000000000000000f000000000000000, type: 0}
  m_Type: 1
  m_PreserveAspect: 0
  m_FillCenter: 1
  m_FillMethod: 4
  m_FillAmount: 1
  m_FillClockwise: 1
  m_FillOrigin: 0
--- !u!222 &2090842417
CanvasRenderer:
  m_ObjectHideFlags: 0
  m_CorrespondingSourceObject: {fileID: 0}
  m_PrefabInternal: {fileID: 0}
  m_GameObject: {fileID: 2090842414}
  m_CullTransparentMesh: 0
--- !u!1 &2103830369
GameObject:
  m_ObjectHideFlags: 0
  m_CorrespondingSourceObject: {fileID: 0}
  m_PrefabInternal: {fileID: 0}
  serializedVersion: 6
  m_Component:
  - component: {fileID: 2103830370}
  - component: {fileID: 2103830372}
  - component: {fileID: 2103830371}
  m_Layer: 5
  m_Name: HUD_Text
  m_TagString: Untagged
  m_Icon: {fileID: 0}
  m_NavMeshLayer: 0
  m_StaticEditorFlags: 0
  m_IsActive: 1
--- !u!224 &2103830370
RectTransform:
  m_ObjectHideFlags: 0
  m_CorrespondingSourceObject: {fileID: 0}
  m_PrefabInternal: {fileID: 0}
  m_GameObject: {fileID: 2103830369}
  m_LocalRotation: {x: -0, y: -0, z: -0, w: 1}
  m_LocalPosition: {x: 0, y: 0, z: 0}
  m_LocalScale: {x: 1, y: 1, z: 1}
  m_Children: []
  m_Father: {fileID: 987871850}
  m_RootOrder: 1
  m_LocalEulerAnglesHint: {x: 0, y: 0, z: 0}
  m_AnchorMin: {x: 0, y: 1}
  m_AnchorMax: {x: 0, y: 1}
  m_AnchoredPosition: {x: -22.59999, y: 137.39998}
  m_SizeDelta: {x: 485.9, y: 30}
  m_Pivot: {x: 0.5, y: 0.5}
--- !u!114 &2103830371
MonoBehaviour:
  m_ObjectHideFlags: 0
  m_CorrespondingSourceObject: {fileID: 0}
  m_PrefabInternal: {fileID: 0}
  m_GameObject: {fileID: 2103830369}
  m_Enabled: 1
  m_EditorHideFlags: 0
  m_Script: {fileID: 708705254, guid: f70555f144d8491a825f0804e09c671c, type: 3}
  m_Name: 
  m_EditorClassIdentifier: 
  m_Material: {fileID: 0}
  m_Color: {r: 0, g: 1, b: 0.071820736, a: 1}
  m_RaycastTarget: 1
  m_OnCullStateChanged:
    m_PersistentCalls:
      m_Calls: []
    m_TypeName: UnityEngine.UI.MaskableGraphic+CullStateChangedEvent, UnityEngine.UI,
      Version=1.0.0.0, Culture=neutral, PublicKeyToken=null
  m_FontData:
    m_Font: {fileID: 10102, guid: 0000000000000000e000000000000000, type: 0}
    m_FontSize: 25
    m_FontStyle: 1
    m_BestFit: 0
    m_MinSize: 2
    m_MaxSize: 40
    m_Alignment: 0
    m_AlignByGeometry: 0
    m_RichText: 1
    m_HorizontalOverflow: 0
    m_VerticalOverflow: 0
    m_LineSpacing: 1
  m_Text: "Lives \t                    Score"
--- !u!222 &2103830372
CanvasRenderer:
  m_ObjectHideFlags: 0
  m_CorrespondingSourceObject: {fileID: 0}
  m_PrefabInternal: {fileID: 0}
  m_GameObject: {fileID: 2103830369}
  m_CullTransparentMesh: 0
